2664 4114
984 246 1638 366 Hydruntina.

247 378 337 428 Fr.
356 375 727 424 Bonaventura'm
757 368 814 419 ab
832 367 1041 418 Alexano
1072 389 1180 420 cum
1207 370 1275 420 so.

327 448 407 495 ciis
432 442 727 496 Miffionariis
759 441 937 491 Alvato
965 443 1087 510 Regi
1121 443 1275 512 Congi

323 513 644 569 commendat.

259 644 299 698 A
325 650 476 702 tei-got
502 639 723 699 Charffmo
747 642 791 682 in
817 639 971 696 Chrsso
997 638 1103 685 Filio
1127 643 1277 685 Alvaro

541 705 638 758 Regi
665 703 785 755 Congl
810 699 985 755 Illastri.

249 821 719 889 ‚URBANUS
771 820 982 869 PAPA
1030 821 1225 870 VIII.

309 959 529 1020 Charffme
560 957 605 1000 in
632 958 784 1017 Christo
809 957 896 1002 Fili
918 956 1042 1014 noster
1053 958 1230 1015 salutem

434 1020 487 1070 όν
499 1015 757 1075 Apostolicam
771 1015 1085 1061 Benedibi'ionem.

353 1137 541 1181 Raeclaro
565 1137 728 1193 pietatis
754 1137 942 1192 exemplo
963 1136 1000 1175 &
1029 1134 1168 1189 infigni
1196 1146 1267 1177 ze-

369 1197 410 1239 lo
427 1226 443 1248 ‚
472 1209 553 1251 quo
565 1196 741 1237 animum
767 1195 818 1236 ad
833 1195 960 1236 divini
974 1194 1160 1234 Nominis
1175 1193 1267 1248 glo-

247 1258 352 1299 riam
377 1252 694 1310 promovendam
720 1252 892 1294 maxime
916 1253 1116 1293 intensum
1133 1253 1265 1295 osten-

243 1313 304 1356 dit
321 1311 504 1369 Maiestas
526 1321 622 1362 tua,
649 1314 862 1353 Patet-nam
891 1309 1265 1353 benevolentiam,

240 1371 416 1416 nostram
444 1369 511 1412 fibi
537 1368 756 1425 plurimum
780 1368 992 1412 obstrinxit
1009 1397 1024 1420 ,
1051 1370 1091 1410 &
1121 1370 1264 1425 ingen·-

245 1441 332 1474 tem
346 1427 449 1486 apud
472 1442 590 1471 veros
612 1431 806 1472 Romanae
834 1428 1020 1471 Ecclefiae
1047 1426 1151 1470 filios
1170 1427 1263 1470 soli-

243 1489 305 1532 dae
321 1488 480 1530 virtutis
509 1487 761 1544 comparavit
777 1487 950 1543 gloriam
966 1515 980 1538 ,
1008 1485 1164 1529 idcirco
1177 1487 1264 1529 affi-

240 1547 318 1591 dua
334 1561 410 1604 pro
434 1555 504 1590 tua
526 1546 812 1589 incolumitate
833 1549 924 1588 Deo
940 1556 1038 1588 vota
1054 1559 1263 1601 nuncupa·

240 1620 358 1657 mus,
378 1604 445 1662 qui
461 1604 529 1648 dat
546 1602 715 1648 salutem
732 1605 915 1660 Regibus
931 1631 945 1655 ,
974 1614 1096 1660 atque
1124 1604 1262 1648 abillo

240 1665 357 1709 enixe
379 1664 552 1719 petimus
566 1693 581 1716 ,
607 1672 650 1705 ut
670 1666 733 1706 Te
755 1661 973 1705 immortali
999 1662 1067 1704 suo
1081 1663 1259 1718 praessdio

238 1732 429 1770 tueatur,
453 1722 717 1764 &conatibus
735 1750 750 1774 ,
773 1735 875 1778 quos
890 1720 939 1763 ad
959 1721 1255 1776 propagandam

242 1781 501 1826 catholicam
516 1780 654 1824 Fidem
667 1781 927 1822 continenter
943 1780 1110 1823 adhibes
1128 1808 1142 1832 ,
1162 1794 1258 1836 pro-

238 1841 414 1897 pitium,
436 1848 559 1895 atque
585 1837 928 1882 obsecundantem
973 1840 1030 1880 Te
1053 1840 1254 1894 praebeat.

238 1903 361 1941 Nunc
383 1907 517 1938 autem
541 1922 555 1944 a
580 1906 625 1938 ut
648 1911 693 1938 re
720 1899 801 1950 ipsa
826 1897 1014 1938 testatum
1031 1896 1104 1946 fit,
1131 1911 1259 1951 quan-

237 1955 323 2000 tum
351 1954 403 1996 de
428 1952 645 2009 Maiestatis
665 1955 787 2004 Tuae,
811 1963 935 2008 atque
963 1955 1176 1997 universali
1207 1955 1258 1997 il-

234 2013 310 2056 lius
339 2012 468 2067 Regni
494 2013 606 2054 bonis
631 2011 795 2055 solliciti
831 2010 973 2064 fimus,
1000 2012 1097 2055 istuc
1123 2013 1258 2057 mitti.

234 2086 324 2115 mus
342 2069 531 2112 dilectum
556 2071 703 2114 Filium
725 2070 974 2125 Religiosum
994 2074 1255 2115 Bonaventu-

233 2145 318 2174 ram
331 2128 386 2172 de
402 2129 584 2172 Alexano
598 2157 612 2181 ‚
641 2143 687 2171 ac
699 2134 782 2170 tres
795 2129 894 2172 alios
909 2128 1085 2186 ejusdem
1099 2131 1222 2174 socios
1235 2161 1254 2184 ‚

233 2190 305 2247 qui
326 2190 368 2234 iu
383 2189 680 2246 Capucinotum
693 2187 908 2246 Coenobiis
926 2189 1098 2233 virtutes
1113 2189 1253 2247 quaefi-

1025 2321 1248 2384 ΝΟ

1336 374 1514 415 fiverunt
1535 375 1626 414 Deo
1646 368 1806 425 gratas,
1829 370 1869 411 &
1884 369 2111 412 hominibus
2131 370 2326 413 salutares
2342 388 2357 416 :

1336 432 1433 474 Illos
1469 447 1547 473 non
1581 441 1739 473 terrent
1768 431 1998 485 Regionum
2030 429 2308 485 longinquitas
2340 437 2354 482 '‚

1338 492 1407 534 seu
1437 492 1590 532 viarum
1605 488 1831 531 discrimina
1846 517 1859 540 ,
1883 490 1976 544 quin
1991 489 2039 530 ad
2059 491 2142 529 Vos
2158 488 2197 530 se
2215 486 2359 530 confe-

1337 559 1458 600 rant,
1481 563 1558 590 non
1578 549 1699 589 alium
1721 547 1905 589 laborum
1922 549 2083 589 suorum
2098 547 2270 589 fructum
2287 561 2358 588 ex-

1336 612 1544 664 pectantes
1557 634 1571 656 ‚
1599 607 1716 660 quam
1734 633 1747 654 ,
1762 617 1805 647 ut
1828 608 1977 649 Divino
1994 606 2136 648 Cultui
2155 605 2356 648 famulen-

1337 679 1429 716 tur,
1455 667 1496 705 &
1512 665 1689 718 Populos
1705 663 1774 704 fibi
1798 662 1993 720 subjectos
2015 668 2052 707 in
2070 665 2172 708 viam
2189 663 2356 707 manda-

1333 737 1469 767 torum
1505 721 1684 776 dirigant
1732 721 1869 776 eisque
1911 735 1995 765 tum
2028 723 2316 781 praedicatione
2341 752 2356 774 ‚

1334 793 1418 824 tum
1434 783 1785 823 Sacramentorum
1803 780 1870 820 usu
1888 782 2023 836 presto
2039 785 2131 823 lint.
2167 783 2353 833 Idcirco,

1332 839 1529 898 majorem
1543 839 1584 880 in
1597 839 1762 881 modum
1788 838 2015 893 adpetimus
2029 869 2045 891 ,
2071 851 2115 882 ut
2134 855 2205 882 eos
2223 843 2259 882 in
2280 843 2357 882 Pa-

1330 897 1547 943 trocinium
1575 910 1621 940 ac
1651 894 1823 940 tutelam
1841 898 2006 952 recipias
2021 925 2035 948 ³
2052 899 2234 952 nihilque
2253 897 2357 941 desi-

1331 959 1481 1001 derare
1500 955 1663 1013 patiaris
1682 954 1812 1009 ‚quod
1831 955 2005 1010 ipsorum
2021 958 2176 999 muneri
2195 958 2276 998 usui
2292 956 2355 998 fu-

1330 1028 1465 1060 turum
1483 1015 1738 1070 cognoveris,
1753 1023 1797 1055 ut
1816 1013 1968 1056 scilicet
1986 1016 2113 1069 Regia
2133 1025 2197 1057 tua
2215 1018 2355 1057 ευᾶο,

1331 1076 1454 1119 ritate
1479 1074 1716 1117 communiti
1743 1073 1874 1115 libere
1906 1075 1945 1116 &
1972 1072 2118 1128 absque
2136 1074 2216 1116 alio
2233 1075 2355 1131 impa-

1328 1135 1514 1178 dimento
1539 1131 1871 1176 sacerdotalibus
1888 1129 2156 1173 functionibus
2187 1145 2354 1187 operam

1326 1195 1424 1237 dare
1440 1190 1584 1249 poffint
1599 1220 1613 1243 ‚
1638 1189 1689 1233 ad
1708 1204 1805 1246 quas
1822 1191 2029 1234 obeundas
2049 1189 2202 1232 eisdem
2222 1192 2354 1231 varias

1326 1251 1557 1309 spirituales
1571 1249 1830 1293 concessimus
1849 1248 2083 1299 facultates,
2106 1249 2252 1304 quibus
2268 1249 2355 1288 ani-

1324 1325 1479 1355 marum
1505 1308 1799 1361 consolationi,
1830 1323 1874 1351 ac
1901 1307 2197 1353 neceffitatibus
2217 1305 2355 1348 suffra-

1325 1379 1484 1428 gentur.
1504 1367 1622 1420 Sane,
1637 1367 1662 1410 sl
1679 1378 1789 1412 tuam
1807 1365 2118 1411 beneficentiam
2135 1377 2258 1422 atque
2277 1366 2353 1406 hu·-

1325 1431 1563 1471 manitatem
1577 1427 1739 1480 experti
1757 1425 1938 1478 fuerint,
1967 1425 2240 1468 dubitandum
2259 1423 2355 1466 Tibi

1327 1494 1409 1532 non
1422 1487 1494 1536 est,
1507 1485 1593 1542 ejus
1608 1484 1746 1527 meriti
1763 1485 1978 1527 maximum
1994 1487 2043 1527 ab
2060 1484 2113 1527 Al
2126 1483 2265 1526 tiflinio
2278 1483 2355 1523 bo·-

1329 1560 1472 1590 norum
1485 1544 1663 1589 omnium
1677 1546 1853 1587 Auetore
1868 1544 2072 1599 praemium
2099 1557 2139 1584 re
2151 1542 2254 1586 feras
2269 1570 2283 1592 a
2315 1541 2354 1584 in

1330 1603 1444 1659 cujus
1460 1602 1668 1657 adjutorio
1685 1603 1746 1645 Te
1762 1602 1973 1651 habitare,
2000 1603 2096 1647 &in
2119 1600 2232 1646 illius
2263 1614 2355 1651 pro-

1323 1663 1501 1706 tectione
1515 1659 1763 1703 commorari
1790 1661 2006 1716 cupientes
2026 1659 2240 1716 Majestati
2260 1660 2354 1700 Tuae

1321 1720 1595 1777 Apostolicam
1621 1718 1951 1762 Benedidtionem
1979 1717 2249 1763 amantiffime
2277 1721 2352 1760 im·

1318 1780 1530 1835 partimur.
1559 1779 1708 1819 Datum
1727 1779 1865 1825 Romae
1885 1776 1954 1819 die
1970 1791 2020 1819 xv
2033 1793 2064 1819 ι.
2077 1778 2174 1833 Julii
2191 1790 2351 1833 MDCXLQ

1322 1833 1584 1883 Pontificatfis
1596 1836 1721 1882 nostri
1736 1838 1857 1880 Anno
1870 1835 2219 1892 decimoseptimo„

1772 1955 1903 2012 Julius
1923 1954 2203 2013 Rospigliosus
2217 1982 2231 1995 .

1376 2079 1438 2120 Ex
1467 2071 1621 2128 Regest'o
1633 2072 1887 2128 Autographo
1921 2076 2063 2117 secret.
2078 2068 2274 2129 Bavium
2298 2075 2354 2117 ad

1427 2133 1638 2189 Principes
1649 2129 1734 2190 fil«,
1751 2132 1845 2179 186.

1340 2322 1573 2387 TA}

296 2467 451 2506 Cribitut
462 2468 598 2516 quidem
610 2466 650 2504 P'.
664 2464 1109 2514 Bonaventura‘praelibatus
1120 2470 1163 2506 ab
1179 2466 1340 2507 Alexano
1351 2495 1364 2516 ,
1375 2483 1439 2508 eeu
1452 2472 1531 2508 loco
1541 2468 1700 2513 notiore,
1716 2469 1845 2506 natales
1858 2478 1970 2506 tamen
1984 2470 2105 2507 habuit
2124 2472 2158 2507 in
2173 2472 2251 2510 loco
2267 2472 2339 2509 Ca.

323 2516 467 2553 striniani
480 2540 495 2560 ‚
519 2517 561 2552 ab
575 2517 734 2553 Alexano
750 2527 866 2562 patum
880 2516 995 2552 diffito
1008 2541 1022 2560 ‚
1049 2529 1093 2554 ex
1109 2519 1215 2555 nobili
1230 2520 1447 2556 Terflnorum
1462 2518 1635 2564 Sanguine
1648 2543 1658 2553 .
1685 2519 1809 2553 Mundi
1827 2521 2020 2563 voluptates
2033 2521 2223 2567 impolluto
2247 2523 2339 2558 calle

228 2566 370 2615 juvenis
392 2563 543 2601 transivit
554 2589 565 2606 ,
591 2564 625 2601 8<
640 2566 720 2601 albo
729 2565 987 2610 Capucinorum
1001 2565 1179 2613 inscriptus
1194 2567 1379 2604 rudimenta
1395 2567 1487 2603 Vitae
1501 2566 1683 2613 Regularis
1697 2588 1710 2608 ,
1737 2566 1860 2602 virtute
1876 2567 1911 2603 8<
1927 2568 2037 2603 studio
2058 2569 2253 2604 constanter
2272 2580 2335 2604 ex-

231 2614 367 2657 coluit,
391 2613 603 2658 dignumque
616 2614 695 2649 inde
711 2612 742 2648 se
755 2612 869 2650 effecit
882 2638 896 2657 ,
911 2623 948 2649 ut
968 2614 1192 2651 Miffionarius
1210 2617 1430 2661 Apostolicus
1451 2616 1492 2651 ad
1507 2617 1626 2661 plagas
1638 2614 1791 2651 Orientis
1807 2615 2021 2659 ablegaretur
2046 2644 2054 2652 .
2080 2617 2160 2664 Spei
2176 2619 2217 2652 de
2236 2616 2338 2662 ipfius

231 2664 311 2701 zelo
325 2671 498 2708 concepta:
525 2661 610 2696 felix
624 2661 856 2708 correspondit
867 2661 997 2697 fruetus
1012 2686 1024 2704 ‚
1049 2675 1126 2699 cum
1153 2665 1300 2711 primum
1314 2664 1472 2702 Thraciae
1485 2675 1587 2700 terras
1601 2663 1721 2700 semine
1732 2662 1857 2699 divinae
1876 2662 2036 2700 dostrmae
2051 2665 2249 2701 Foecundatit
2265 2689 2276 2707 ‚
2303 2667 2338 2701 δε

229 2711 449 2759 postmodum
477 2709 640 2745 Miffionis
656 2709 849 2753 Congenfis
885 2709 1064 2747 Praefeaus
1083 2713 1234 2747 Decreto
1259 2714 1298 2750 S.
1313 2712 1612 2757 Congregationis
1640 2721 1725 2748 tomo
1745 2711 1976 2760 J‘ecundoxfol.
1994 2714 2050 2759 76.
2081 2713 2232 2749 videndo
2263 2713 2340 2749 fue-

230 2762 279 2796 rit
303 2758 527 2795 constitutus.
558 2757 697 2793 Diutius
720 2758 754 2793 iu
777 2758 842 2794 hoc
855 2759 978 2802 Regno
1003 2759 1038 2794 in
1061 2759 1257 2807 extirpanda
1278 2763 1488 2805 genticarum
1512 2760 1787 2807 superstitionum
1810 2761 2063 2799 abominatione
2082 2762 2253 2798 laboravit
2270 2784 2281 2802 ,
2301 2762 2338 2796 Sc

230 2807 313 2844 dum
323 2817 448 2852 corpus
463 2806 559 2841 suum
573 2806 698 2841 summa
718 2805 828 2842 inedia
841 2807 1023 2842 maceravit
1036 2831 1051 2849 ‚
1076 2807 1192 2854 saepius
1216 2809 1353 2847 modico
1372 2821 1456 2856 pane
1465 2818 1641 2845 contentus
1651 2832 1664 2851 ‚
1691 2808 1725 2843 &
1737 2806 1921 2854 aliquoties
1945 2823 2005 2856 per
2019 2810 2175 2855 integros
2188 2811 2259 2846 dies
2277 2822 2337 2856 pe-

231 2855 326 2892 nitus
341 2855 504 2903 jejunus,
527 2854 612 2890 alios
632 2863 768 2890 econtra
794 2864 877 2902 pane
893 2854 1076 2899 Evangelii
1097 2855 1277 2892 indefefl'us
1293 2858 1390 2902 pavit
1403 2881 1418 2901 ‚
1442 2858 1592 2903 dumque
1620 2855 1742 2899 facies,
1769 2857 1899 2903 pallore
1916 2857 2042 2905 jejunii
2058 2859 2207 2895 obdueta
2230 2861 2335 2894 illum

227 2903 405 2941 nuntiavit
424 2902 545 2939 Virum
561 2911 712 2938 tenacem
738 2902 773 2937 8<
798 2901 963 2937 austerum
976 2924 990 2943 ‚
1005 2902 1119 2938 hilaris
1131 2904 1349 2940 conversatio·
1362 2916 1441 2942 eum
1455 2905 1602 2940 reddidit
1616 2904 1774 2941 omnibus
1789 2927 1801 2947 ,
1813 2905 1914 2941 etiam
1928 2906 2006 2952 ipfis
2019 2905 2229 2947 idololatris,
2242 2905 2334 2943 dile.-

230 2953 326 2988 etum
341 2977 352 2988 .
380 2952 470 2987 lnter
491 2951 580 2986 alios
606 2950 818 2986 Hollandum
843 2949 878 2984 &
904 2948 991 2986 festa
1015 2950 1050 2986 8<
1069 2950 1268 2989 conditione
1290 2952 1448 2999 infignem
1470 2954 1511 2988 ad
1526 2952 1643 2990 fidem
1655 2952 1780 2988 Christi
1798 2951 1845 2987 ibi
1860 2954 2019 2998 perduxit
2039 2979 2050 2996 ,
2079 2958 2111 2989 &
2125 2954 2334 3000 Apostolico

231 2999 322 3049 juffu
345 2999 590 3048 adAbyffinos
612 2999 766 3035 secedens
789 2997 824 3034 in
853 2997 983 3041 lnsula,
1007 2999 1068 3034 vel
1090 2998 1245 3036 Civitate
1271 2999 1509 3039 S.Salvatoris
1523 3001 1630 3048 spolia
1644 3000 1865 3037 mortalitatis
1879 3013 1966 3037 anno
1985 3003 2084 3050 1651,
2116 3003 2268 3048 reliquit.

329 3047 457 3084 Habuit
486 3049 634 3085 Fratrem
660 3045 843 3084 Uterinum
868 3061 890 3091 ,⁷
909 3045 1120 3094 Gregorium
1157 3049 1292 3084 nomine
1315 3071 1329 3092 ‚
1367 3049 1428 3096 qui
1450 3060 1527 3085 cum
1553 3049 1629 3096 ipso
1654 3049 1689 3084 &
1715 3050 1855 3086 Sacrum
1884 3050 2056 3085 Habitum
2088 3049 2199 3084 induit
2216 3074 2229 3093 ‚
2259 3048 2331 3095 pati

234 3097 312 3134 zelo
335 3094 371 3130 in
390 3097 512 3140 Regno
528 3095 645 3142 Congi
668 3095 794 3132 animas
820 3093 997 3143 quaesivit,
1023 3099 1055 3133 &
1070 3096 1144 3143 post
1170 3097 1300 3133 labores
1327 3098 1485 3143 Regnum
1497 3098 1629 3135 decoris
1643 3122 1658 3144 ‚
1682 3098 1718 3134 &
1733 3096 1892 3134 diadema
1915 3097 2041 3148 speciei
2063 3096 2104 3134 de
2117 3109 2219 3136 manu
2236 3097 2330 3142 nei,

236 3153 276 3182 ut
296 3141 351 3192 pie
370 3144 504 3180 credere
517 3145 588 3189 est,
612 3144 761 3191 accepit.

334 3189 402 3229 ‘De
414 3190 469 3228 P.
480 3191 731 3235 Bonaventura
744 3192 876 3232 redibit
890 3193 1049 3233 memoria
1060 3193 1100 3230 in
1115 3193 1214 3232 Temo
1224 3217 1237 3240 ,
1261 3193 1324 3243 qai
1338 3194 1508 3246 Mtffiones
1523 3194 1684 3236 Orientis
1693 3191 1868 3243 expendet.

336 3861 446 3915 som.
459 3861 535 3904 111.

1570 3866 1609 3908 R
1640 3879 1662 3909 2
2140 3865 2260 3912 Refi-
