2618 4108
996 272 1638 391 Syracusana.

274 387 366 419 nem
383 377 398 426 ξ
422 391 498 434 pro
513 378 582 422 suo
594 380 816 426 arbitrio&
831 378 1070 428 conscientia
1084 415 1098 435 ..
1114 388 1279 430 servatis

270 435 492 487 servandis,
514 439 726 493 devenia13
742 444 796 484 ita
807 454 938 484 tamen
952 471 965 493 ‚
988 454 1030 484 ut
1052 458 1101 485 vea
1117 445 1276 494 omnia,

272 505 356 546 quae
385 495 494 536 circa
527 497 750 552 hujusmodi
777 513 966 541 novarum
987 502 1283 555 Religioffirum.

269 553 495 593 Domorum
534 557 752 598 erectiones
771 581 786 603 ,
801 570 871 610 per
885 561 1022 600 Sacros
1053 563 1238 603 Canones
1263 589 1278 611 ,

266 611 311 652 5.
325 610 554 655 Concilium
568 613 846 655 Tridentinum
859 641 872 665 ,
901 617 942 656 δι
954 617 1274 660 Constitutiones

262 669 509 725 Apostolicas
529 695 544 719 ,
585 671 626 711 δι
654 669 818 712 Ordinis
848 674 1024 726 praedicti
1051 674 1275 734 praescripta

264 732 350 774 sunt
363 758 378 782 ,
407 727 614 783 Religiose
636 725 845 770 serventur
859 760 873 784 3

322 792 460 834 Romae
484 784 639 842 6.Ju1{i
666 796 787 837 ¹725·

734 904 778 945 1³.
793 904 918 948 card.
933 903 1157 948 Paulutius.

269 1048 271 1050 ·
321 1027 382 1068 Ex
411 1019 563 1122 Κιέεέο
583 1022 724 1062 Secret·
756 1024 942 1079 Congreg-
970 1021 1090 1078 mens-⁹
1103 1020 1150 1068 θ’
1173 1020 1270 1063 anni.

363 1089 451 1137 prae
475 1092 490 1121 i
531 1106 548 1119 .«

253 1333 312 1379 In
337 1323 484 1379 Causa
506 1326 582 1371 Fr.
601 1320 771 1389 Angeli
798 1319 855 1370 de
890 1319 1015 1370 Ennii
1031 1356 1048 1379 ,
1081 1335 1176 1370 tam
1202 1337 1259 1370 ex

319 1393 448 1446 causa
473 1390 650 1448 morbi,
680 1389 816 1456 quam
843 1389 995 1442 metfis
1023 1388 1258 1440 Profeffio-

315 1482 422 1515 nem
440 1461 667 1512 annullare
696 1461 914 1526 cupientis
940 1495 957 1518 ,
993 1463 1259 1528 S.Congre-

313 1535 442 1606 gatio
492 1529 691 1580 Concilii
739 1528 936 1579 inducias
982 1528 1047 1580 ὃς·
1078 1529 1256 1578 revisio-

315 1620 422 1654 nem
456 1599 680 1650 sententiae
716 1597 974 1648 Definitorii
1017 1599 1256 1647 Generalis

314 1672 526 1727 ordinat,
563 1686 614 1718 ac
640 1667 698 1717 ad
718 1665 906 1718 Mentem
935 1665 1150 1717 rescribit.

304 1787 608 1835 ORDINIS
649 1785 1195 1829 CAPUCINORUM.

363 1906 460 1947 ΟΜ
488 1900 692 1956 utriusque
723 1901 844 1955 partis
870 1900 958 1954 jura
987 1898 1253 1941 Eminentiffi->¹

378 1962 449 2003 mis
471 1959 651 2003 Patribus
681 1970 759 1999 non
787 1958 1082 2007 exhibeantur,
1106 1970 1256 2012 oppor-

242 2032 381 2064 tunum
411 2018 571 2060 videtur
591 2045 607 2068 ,
636 2024 681 2057 ut
714 2014 910 2056 rationum
942 2023 1169 2062 momenta,
1202 2027 1254 2057 ex

242 2080 382 2136 quibus
395 2078 474 2118 haec
488 2074 598 2117 causa
613 2071 747 2115 decidi
765 2073 898 2115 valcat
908 2101 923 2124 ,
935 2072 1052 2115 altius
1066 2072 1226 2127 quidem
1237 2098 1252 2121 ,

241 2137 311 2181 sed
342 2136 472 2191 paucis
499 2140 761 2188 repetantur.

301 2187 624 2236 Constitutiones'
647 2190 726 2231 PP.
743 2189 1039 2241 Capucinorum
1064 2188 1084 2230 ai
1111 2188 1254 2234 Sede,

244 2249 470 2308 Apostolica
486 2249 524 2289 in
540 2247 665 2288 forma
680 2274 696 2295 ,
725 2245 896 2301 ut-ajunt
910 2274 926 2296 ,
955 2245 1134 2300 specifica
1155 2260 1254 2287 con-

246 2310 408 2352 firmatae
438 2319 525 2360 cap.
541 2317 579 2346 2.
605 2305 768 2346 num.8.
800 2304 879 2345 haec
896 2304 1070 2344 habent:
1101 2307 1168 2356 qui
1194 2305 1250 2344 le-

237 2368 349 2424 pra‘,
373 2363 501 2406 morbo
531 2360 694 2409 caduco,
723 2361 784 2401 vel
804 2361 885 2406 alia
909 2359 1138 2414 infirmitate
1157 2373 1248 2401 con-

245 2424 394 2481 tagiosa
425 2423 488 2463 vel
510 2417 718 2462 incurabili
740 2417 827 2474 tfflt
845 2415 1008 2473 infitias
1022 2443 1036 2464 ,
1065 2430 1138 2459 non
1151 2420 1248 2459 reci*

240 2484 382 2541 piatur
401 2509 414 2531 ,
436 2481 484 2528 Θ·
510 2477 599 2534 caste
626 2489 699 2532 quo
722 2475 813 2517 talis
825 2472 968 2533 suisti-t
979 2484 1174 2529 receptus,
1203 2488 1250 2515 ex

247 2556 315 2588 ea,
336 2538 438 2594 quod
448 2541 710 2589 interrogatus
722 2533 767 2574 id
784 2531 1030 2590 manifestare
1052 2535 1248 2583 renuerit,

247 2600 498 2643 declaratur,
521 2593 622 2647 quod
645 2591 792 2646 Religio
815 2591 870 2632 ad
892 2603 975 2632 eum
1007 2591 1250 2634 retinendum

245 2654 345 2700 nolit
369 2653 437 2711 effi
461 2650 631 2705 obligata
654 2677 666 2689 .

305 2711 439 2773 Qaeri
460 2719 595 2753 autem
616 2705 717 2749 solet
731 2733 747 2756 ,
776 2716 909 2750 utrum
923 2708 1158 2750 auetoritate
1176 2708 1252 2747 hu-

243 2765 606 2828 jusConstitutionis
622 2764 712 2806 talis
728 2765 914 2819 profeffio
926 2765 1080 2808 censeri
1100 2764 1248 2808 debeat

247 2831 332 2885 ipso
358 2827 445 2883 jure
467 2823 581 2867 nulla
601 2825 615 2863 ?
638 2823 678 2863 δε
709 2824 1016 2864 Bartholomaeus
1049 2822 1247 2877 quiderm

246 2889 300 2930 de
318 2885 489 2927 Vecchis
516 2882 742 2934 Capucinus
763 2879 816 2920 in·-
830 2881 962 2932 libro,
992 2881 1056 2921 cui
1083 2879 1220 2920 titulus
1234 2893 1247 2920 2

246 2949 385 2990 Praxi:
410 2940 643 2998 observanda
665 2944 707 2979 in
733 2937 978 2980 admittendis
1003 2939 1056 2978 aa
1082 2939 1251 2991 Religio.

246 3003 305 3047 m‘s
319 3003 469 3059 statum
492 2995 661 3040 Novitiis
682 2994 773 3052 disp.
795 3011 854 3052 ¹3·
877 2995 966 3037 dub.
986 3007 1049 3043 15.
1081 2995 1250 3048 conqui-

248 3062 327 3104 fitis
347 3058 522 3112 undique
538 3054 778 3109 argumentis
792 3083 806 3104 ‚
836 3051 911 3096 esse
924 3054 1086 3095 omnino
1102 3053 1251 3094 nullam

247 3121 434 3166 affirmat,
448 3129 496 3156 ex
511 3111 670 3156 defectu
688 3111 899 3166 presertim
913 3111 1119 3153 confenst‘is
1133 3111 1252 3153 Ordi-

249 3181 334 3228 nis,
361 3177 411 3216 eo
437 3171 542 3227 quod
565 3170 616 3211 ad
641 3170 758 3226 ipsam
776 3169 988 3224 Regularis
1004 3168 1252 3211 Profeffionis

248 3245 429 3281 naturam
448 3239 670 3284 pertineat,
689 3228 890 3282 Religioni
905 3227 1066 3282 quidem
1087 3226 1165 3268 sese
1182 3227 1252 3265 ali-

250 3306 371 3353 quem
389 3287 615 3341 mancipare
628 3314 642 3336 ,
675 3287 714 3326 δι
728 3287 921 3326 Ordinem
949 3283 1070 3338 ipsum
1096 3286 1144 3326 ad
1162 3299 1252 3337 per-

248 3352 371 3411 petuo
396 3348 507 3390 illum
535 3343 786 3384 retinendum
807 3343 992 3395 astringi,
1018 3355 1062 3384 ut
1086 3343 1252 3396 proinde

250 3407 385 3454 mutuat
411 3402 630 3459 hujusmodi
657 3401 900 3455 obligatione
923 3399 1166 3450 deficiente,
1193 3411 1255 3440 to-

238 3462 336 3513 ²zum
363 3476 521 3521 quoque
545 3458 795 3503 Profesfionis
818 3461 946 3500 aetum
964 3472 1160 3500 corruere
1182 3472 1252 3499 ne-

255 3525 360 3569 cesse
388 3521 429 3564 sit
446 3550 456 3560 .

309 3583 466 3641 Qiibus
495 3577 586 3618 addi
614 3575 738 3632 potest
765 3584 907 3630 praeter
929 3574 1254 3627 protestationem

253 3642 360 3685 illam
376 3641 413 3682 in
428 3635 787 3678 Constitutionibus
803 3630 1014 3688 expressam
1031 3659 1045 3681 ,
1061 3631 1166 3686 quod
1183 3644 1254 3694 no-

249 3701 298 3743 lit
315 3696 476 3750 Religio
489 3692 609 3736 talem
627 3689 840 3733 Professum
858 3691 1035 3733 retinere
1049 3718 1063 3740 ,
1090 3688 1256 3729 interdi-

249 3762 357 3799 ssum
378 3766 534 3810 quoque
558 3751 610 3792 ibi
637 3748 744 3792 fuisse
769 3778 784 3800 ,
810 3764 857 3792 ne
892 3749 1032 3790 morbo
1058 3757 1253 3811 perpetuo

249 3816 472 3862 laborantes
488 3808 767 3867 reciperentur
780 3835 794 3861 ,
817 3807 925 3866 unde
939 3805 1091 3848 scilicet
1109 3801 1253 3861 confici

360 3875 395 3915 T
392 3882 462 3912 am.
480 3870 552 3911 ΙΙΙ.

1336 396 1523 459 videtur,
1547 397 1652 452 quod
1667 398 1818 443 sublate
1839 401 2262 453 pei-'constitutionem
2279 419 2344 446 re-

1334 455 1509 506 cipiendi
1525 457 1721 510 potestate
1737 485 1753 507 ,
1776 460 1887 502 nulla
1903 462 2023 504 etiam
2045 463 2224 516 legitima
2242 466 2342 506 Pro-

1337 506 1445 551 feffio
1468 514 1653 566 consequi
1668 515 1781 567 poffit
1795 544 1807 556 .

1393 572 1440 610 ln
1467 571 1714 612 contrarium
1738 583 1867 616 tamen
1888 585 2007 630 urget
2031 578 2252 619 communis
2278 592 2343 620 re-

1337 626 1455 678 gula,
1485 628 1591 679 quod
1616 628 1704 682 jure
1725 635 2139 688 communiins'pesso,
2162 648 2233 676 nec
2250 637 2340 677 talis

1336 683 1531 738 aegritudo
1555 683 1670 725 vitiat
1687 687 1991 738 professionem,
2010 703 2055 733 ut
2069 693 2170 747 apud
2186 696 2340 735 Novar.

1330 738 1430 793 confi
1440 742 1511 791 48.
1526 740 1570 782 de
1585 743 1767 795 Regulam.
1768 743 1889 798 juxta
1900 747 2099 790 editionem
2114 751 2343 804 Lugdunen-

1317 796 1404 854 sem
1428 809 1529 837 anno
1548 809 1668 854 1594.
1697 813 1826 854 neque
1849 802 1990 845 statuta
2017 807 2198 860 specialia
2230 809 2339 852 illam

1327 854 1491 896 irritare
1505 857 1744 904 censentur,
1769 857 1836 898 nisi
1857 859 2012 901 disertis
2031 864 2161 904 verbis
2177 867 2338 919 expres-

1327 909 1411 954 sum
1426 912 1466 952 id
1481 910 1600 953 fuerit
1615 939 1630 963 ,
1656 924 1699 954 ut
1713 915 1843 958 innuit
1858 918 2009 958 Navar.
2023 932 2126 961 num.
2142 933 2181 961 2.
2211 912 2339 979 &ge-

1326 971 1513 1011 neralttcr
1519 969 1860 1024 probatssordonus
1875 985 2028 1028 operum
2047 987 2143 1026 to.5.
2157 978 2198 1018 in
2212 980 2333 1022 trab?-

1326 1028 1370 1068 ἀι·
1384 1026 1602 1084 Profffone
1617 1031 1802 1082 Regulam·
1816 1040 1898 1085 cap.
1915 1044 1953 1081 7.
1968 1046 2007 1087 9.
2025 1047 2086 1075 ιο.
2101 1034 2127 1075 α’
2147 1048 2252 1078 narn.
2267 1051 2339 1086 25.

1325 1085 1378 1140 ad
1402 1095 1469 1138 35.
1503 1085 1551 1132 δ’
1589 1094 1672 1139 cap.
1702 1100 1766 1137 17.
1799 1103 1842 1144 9.
1865 1102 1905 1139 7.
1945 1103 2050 1132 num.
2085 1106 2151 1142 ¹4·
2181 1095 2333 1137 etiamsi

1323 1141 1448 1184 essent
1465 1143 1490 1186 a
1516 1141 1710 1186 Pontifice
1725 1145 1960 1188 confirmata
1980 1175 1994 1197 ,
2024 1157 2069 1191 ut
2085 1151 2191 1204 apud
2204 1155 2332 1194 Emin.

1320 1202 1476 1241 Petram
1488 1203 1531 1242 in
1546 1200 1705 1255 Consttt.
1717 1203 1753 1246 V.
1774 1206 1891 1259 Grcg.
1904 1209 1972 1247 IX.
1986 1217 2121 1261 tom-2.
2127 1217 2221 1263 pag.
2238 1221 2338 1257 525.

1317 1258 1343 1299 d
1359 1271 1463 1300 num.
1479 1272 1543 1300 22.
1575 1261 1668 1303 Haec
1692 1272 1827 1304 autem
1854 1264 1962 1305 clara
1979 1265 2183 1315 irritatio,
2210 1280 2330 1322 quam

1318 1315 1458 1370 utique
1484 1316 1633 1359 habent
1659 1318 1726 1360 alii
1741 1318 1912 1362 Ordines
1927 1322 2186 1376 Regularium
2202 1352 2217 1374 ,
2249 1339 2331 1365 non

1318 1374 1469 1428 legitur
1481 1373 1519 1415 in
1536 1375 1897 1419 Constitutionibus
1912 1381 2330 1435 Capucinorum,licet

1317 1432 1422 1475 enim
1437 1432 1558 1474 verba
1572 1432 1640 1474 illa
1655 1447 1667 1475 :
1697 1447 1771 1476 non
1783 1435 2000 1491 recipiatur
2013 1467 2027 1490 ,
2042 1449 2133 1493 apta
2148 1438 2225 1481 esse
2241 1454 2292 1494 po
2300 1438 2333 1486 sl,

1315 1493 1387 1532 sint
1403 1489 1452 1532 ad
1467 1489 1719 1534 adimendam
1731 1493 1949 1548 recipiendi
1965 1493 2200 1538 facultatem
2212 1525 2226 1546 ,
2240 1511 2329 1539 mo-

1315 1549 1565 1591 derationem
1594 1558 1728 1591 tamen
1756 1551 1904 1593 habere
1929 1552 2116 1595 videntur
2145 1556 2168 1598 a
2196 1554 2330 1596 subfe-

1314 1606 1528 1662 quentibus
1545 1606 1678 1647 verbis
1693 1635 1706 1657 ,
1720 1608 1862 1661 quibus
1876 1609 1927 1651 de
1944 1610 2016 1651 illo
2031 1611 2225 1653 duntaxat
2241 1615 2331 1657 Re-

1314 1662 1416 1718 ligio
1457 1663 1694 1719 protestatur
1717 1694 1732 1714 ,
1763 1677 1806 1708 ut
1830 1667 2135 1722 nolitadstringi
2164 1668 2212 1711 ad
2231 1673 2328 1712 Pro—

1315 1719 1454 1763 fessum
1478 1721 1759 1764 retinendum.
1792 1728 1885 1766 Non
1909 1723 1996 1767 sunt
2023 1737 2158 1768 autem
2172 1732 2331 1770 contra-i

1313 1779 1400 1832 ria,
1430 1778 1536 1835 quod
1561 1779 1748 1823 Profeffio
1774 1782 1934 1838 quidem
1959 1784 2108 1826 viribus
2123 1785 2293 1828 subsistat
2310 1814 2327 1836 ,

1313 1840 1352 1879 &
1374 1838 1480 1893 quod
1507 1836 1618 1891 poffit
1648 1839 1843 1893 Religio,
1872 1841 2033 1885 deteeta
2049 1843 2324 1898 aegritudine,
2349 1874 2351 1876 -

1313 1894 1533 1938 Professum
1559 1895 1792 1949 dimittere,
1818 1909 1861 1940 ut
1886 1902 2005 1941 etiam
2034 1900 2147 1943 sensit
2171 1904 2322 1944 Navar.

1314 1967 1419 1996 num.
1439 1969 1479 2010 3.
1494 1952 1591 1994 sicut
1610 1968 1682 1995 nec
1696 1955 1866 1999 invicem
1882 1969 2061 2012 pugnant
2081 1959 2209 2001 valida
2224 1962 2324 2004 Pro-

1315 2010 1426 2053 feffio
1441 2040 1454 2063 ,
1476 2012 1516 2051 δε
1542 2009 1712 2053 facultas
1737 2014 2153 2070 ejiciendiPtofessum
2171 2043 2184 2065 ,
2211 2017 2235 2058 fi
2251 2016 2325 2066 de,

1314 2069 1489 2112 claratus
1515 2067 1636 2110 fuerit
1665 2071 1976 2127 incorrigibilis.

1373 2131 1579 2170 Caeterum
1600 2126 1825 2171 subsistente
1848 2131 1967 2174 etia'm
1996 2131 2204 2174 validitate
2225 2135 2325 2176 Pro-

1315 2184 1483 2228 feffionis
1500 2211 1513 2234 ,
1540 2185 1704 2226 dubium
1719 2201 1794 2229 non
1809 2188 1888 2238 est,
1919 2190 2011 2242 quin
2031 2190 2140 2244 poffit
2159 2191 2323 2245 Religio

1313 2245 1372 2284 uti
1398 2243 1485 2298 jure
1500 2242 1570 2284 suo
1582 2243 1813 2287 dimittendi
1834 2245 2048 2289 Professum
2068 2250 2208 2290 morbo
2232 2263 2326 2302 per-

1311 2311 1432 2356 petuo
1447 2301 1723 2352 laborantem,
1753 2317 1872 2357 quem
1889 2303 2136 2349 manifestum
2157 2319 2242 2349 non-
2266 2309 2326 2346 ie-

1307 2359 1393 2409 cit,
1421 2358 1581 2413 quando
1605 2357 1823 2401 solemnem
1852 2360 2134 2404 professionem
2166 2363 2318 2415 emisit,

1309 2430 1398 2458 cum
1425 2415 1466 2455 id
1492 2414 1646 2469 speciali
1665 2419 1961 2471 Capucinorum
1987 2420 2134 2461 statuto
2159 2419 2321 2461 disertis

1309 2473 1444 2516 verbis
1476 2482 1696 2523 caveatur,
1718 2475 1895 2527 quamvis
1919 2475 2007 2530 jure
2032 2479 2233 2519 communi
2263 2479 2324 2517 in·

1309 2530 1439 2586 Γρεᾶο
1455 2558 1468 2578 ,
1497 2531 1536 2570 &
1551 2528 1706 2572 seclusis
1723 2531 2112 2583 constitutionibus,
2135 2535 2321 2576 crebrior

1309 2589 1355 2630 sit
1389 2589 1604 2630 Doctorum
1631 2590 1766 2643 opinio
1794 2618 1808 2639 ,
1853 2603 1903 2632 ex
1941 2592 2064 2633 tacito
2092 2590 2319 2645 hujusmodi

1310 2646 1452 2688 morbo
1495 2643 1750 2689 sufficientem
1774 2647 2008 2702 expulsionis
2042 2651 2196 2691 causam
2235 2663 2314 2695 non

1312 2706 1438 2755 oriri,
1468 2715 1514 2746 ut
1539 2703 1675 2747 vide-re
1698 2707 1754 2749 est
1777 2706 1881 2761 apud
1899 2709 2094 2749 Doctores
2122 2707 2235 2764 supra
2257 2707 2318 2749 al·-

1314 2764 1483 2818 legatos.

1365 2824 1420 2862 At
1449 2820 1548 2862 vero
1572 2818 1700 2861 altera
1724 2821 1900 2863 occurrit
1928 2822 2153 2874 dubitatio,
2183 2834 2319 2865 utrum

1311 2877 1471 2920 nullitas
1499 2877 1779 2926 Professionis,
1804 2880 1868 2921 vel
1894 2880 2039 2935 ejefiio
2065 2881 2195 2924 valide
2218 2884 2319 2925 Pro-

1310 2934 1390 2978 feffi
1414 2935 1570 2976 admitti
1599 2935 1708 2990 possit
1725 2938 1928 2991 ,quamvis
1951 2939 2183 2992 protestatio
2198 2939 2317 2980 Reli-

1311 2993 1434 3047 gionis
1459 3007 1534 3035 non
1558 2993 1854 3045 intervenerit,
1884 2995 1959 3048 qua
1977 2997 2163 3038 Novitius
2188 3007 2320 3038 ante)
2361 3013 2368 3022 ’

1310 3048 1480 3093 emissam
1505 3050 1791 3093 Profeslionem
1807 3052 1960 3093 certior
1983 3051 2106 3094 fadius
2123 3051 2246 3094 fuerit
2266 3054 2319 3093 de

1311 3109 1418 3164 jure,
1431 3109 1536 3162 quod
1552 3109 1613 3150 fibi
1631 3113 1805 3151 reservat
1825 3109 1984 3163 Religio
1999 3124 2088 3150 eum
2110 3109 2319 3162 expellen-

1312 3168 1369 3209 di?
1385 3180 1501 3221 quam
1516 3166 1676 3219 quidem
1694 3166 2016 3219 protestationem
2027 3167 2212 3220 expressis
2233 3181 2317 3211 ver.

1313 3226 1368 3268 bis
1384 3224 1469 3265 sieri
1481 3224 1631 3265 debere
1646 3224 1771 3265 innuit
1787 3224 2016 3265 deVecchis
2029 3227 2069 3265 in
2080 3224 2318 3281 ead.disp.13,

1312 3282 1461 3329 dub.15.
1475 3282 1514 3320 &
1537 3295 1582 3322 an
1599 3295 1647 3322 ex
1662 3281 1820 3337 speciali
1835 3282 1982 3322 statuto
1997 3283 2290 3335 Capucinorum
2303 3312 2318 3334 ,

1314 3353 1404 3381 tunc
1430 3338 1553 3380 folum
1572 3340 1733 3393 Religio
1756 3338 1882 3381 videri
1907 3339 2016 3392 possit
2044 3354 2122 3380 non
2158 3340 2318 3383 adstrin.

1315 3398 1351 3453 gi
1370 3395 1584 3438 Professum
1599 3399 1787 3443 retinere,
1803 3398 1964 3450 quando
1979 3398 2009 3438 is
2023 3397 2210 3452 expressis
2228 3413 2318 3442 ver-

1312 3455 1370 3496 bis
1392 3455 1888 3507 inter1·ogatus,antequam
1907 3453 2188 3498 Profeffionem
2202 3458 2318 3498 emit-

1314 3521 1437 3559 teret,
1454 3511 1965 3565 morbum,quolaborabat,
1977 3512 2222 3556 manifestum
2238 3530 2316 3557 non

1315 3570 1431 3618 fecit,
1445 3582 1493 3609 ex
1508 3568 1662 3621 regula,
1676 3569 1798 3622 quod,
1812 3569 1876 3610 ubi
1890 3570 2075 3613 statutum
2090 3573 2236 3628 aliquid
2260 3575 2319 3615 in·-

1314 3626 1490 3670 troducit
1508 3637 1645 3678 praeter
1662 3626 1754 3676 jutis
1778 3629 1996 3670 communis
2025 3629 2317 3683 dispositionem

1314 3699 1405 3726 cum
1431 3684 1551 3724 certis
1582 3682 1932 3733 modificationibus
1950 3714 1963 3737 ,
1982 3687 2173 3740 quidquid
2207 3689 2241 3730 in
2269 3703 2317 3730 eo

1313 3742 1580 3796 exprimitur,
1608 3741 1870 3793 reputandum
1901 3744 1955 3784 est
1980 3759 2051 3799 pro
2080 3745 2204 3787 forma
2224 3774 2237 3794 ‚
2269 3755 2316 3785 ut

1312 3801 1490 3857 pluribus
1507 3799 1737 3851 comprobat
1755 3801 2105 3860 Rolandaeonſsw.
2121 3804 2233 3845 n.61.
2247 3803 2316 3855 ις.

1579 3859 1615 3899 C
1630 3870 1650 3897 c
2189 3860 2259 3900 His
