2618 4108
949 204 1625 319 Hydruntina.

227 326 297 366 Fr.
328 324 383 365 N.
405 324 461 365 Ν.
478 319 682 377 exposita,
708 318 746 363 in
779 334 832 365 eo
858 327 993 364 tamen
1025 324 1243 376 praeuertim

228 383 469 423 immoratur
499 407 512 430 ,
553 379 660 435 quod
696 378 941 435 Religiosum
971 380 1084 422 istum
1118 380 1243 422 nimia

226 439 398 495 quadam
429 439 679 481 animositate
707 449 911 492 petentem
939 437 987 478 ad
1022 435 1242 479 Tonsuram

225 500 319 550 &4
346 496 518 540 minores
530 497 705 539 Ordines
731 510 807 538 una
827 497 1051 551 eademque
1067 497 1135 537 die
1146 512 1240 552 pro-

225 556 399 607 moveri,
417 555 615 599 Clericali
632 555 784 596 tantum
804 551 983 596 Tonsura
999 555 1157 609 pridem
1172 556 1247 596 ini-

222 615 397 665 tiatum,
427 615 472 655 de
486 612 703 671 staeafistili
728 625 901 666 vanaque
916 616 989 667 spe
1018 615 1138 667 (lunt
1156 628 1246 655 ver-

220 674 271 715 ba
283 669 463 726 ejusdem
481 670 698 728 Episcopi)
726 671 1013 726 agglomerandi
1037 672 1115 711 und
1124 672 1251 728 simul

226 746 267 784 4.
286 730 452 774 Ordines
465 758 480 782 ,
506 730 744 785 arguendum
759 757 773 778 ,
797 731 1152 783 increpandumque
1175 731 1246 771 du-

222 788 265 830 xi
282 818 298 839 ‚
323 800 443 844 atquc
461 790 636 844 pluries,
649 785 785 841 serio,
812 787 914 834 &in
922 788 1130 842 propatulo
1149 791 1243 828 Eum

215 847 303 907 fici
322 858 526 890 certiorem
539 873 554 896 ‚
567 844 672 900 quod
680 858 754 886 non
772 844 849 900 nist
856 846 942 886 duos
950 851 1101 900 priores
1116 846 1241 897 Ostia·

226 906 355 950 riatas
371 905 419 953 (5·
437 902 663 947 ισὲῗοναιᾶε
690 903 811 945 eidem
834 913 927 945 tuae
953 918 1059 944 eram
1080 905 1244 945 collatu-

227 976 321 1007 rus:
355 961 586 1018 deindeque
600 988 615 1012 ,
637 961 841 1017 quomodo
869 976 929 1005 res
943 962 1126 1004 evenerit
1142 992 1157 1012 ,
1185 963 1239 1004 ita

223 1020 476 1077 prosequitur
492 1049 503 1060 .
536 1022 581 1062 ln
600 1019 671 1061 hae
685 1023 897 1062 intentione
915 1020 1055 1076 firmus
1089 1018 1239 1068 &con—

212 1079 324 1139 stans
351 1079 371 1120 ι)
394 1077 550 1134 vestigio
570 1075 900 1135 adfaldssorium
914 1079 1088 1119 accedens
1101 1105 1115 1127 .,
1139 1091 1183 1117 ac
1198 1078 1241 1118 de

225 1149 328 1182 more
366 1135 523 1179 indatus
563 1136 830 1179 ordinationis
870 1136 1045 1199 mysteria
1078 1139 1203 1190 incepi
1224 1161 1239 1186 ‚

229 1199 490 1249 fratremque
530 1196 582 1236 N.
617 1197 669 1236 N.
717 1197 872 1235 unicum
907 1224 921 1246 ,
965 1193 1195 1249 praefintcm
1223 1222 1237 1244 ‚

213 1255 405 1312 pleneque
428 1254 666 1306 recognitum
691 1252 746 1290 ad
753 1250 948 1309 praefatos
959 1252 1047 1292 duos
1065 1254 1236 1293 Minores

224 1311 385 1356 ordines
396 1337 410 1360 ‚
423 1317 468 1350 ut
475 1307 563 1365 jam
567 1307 697 1364 fastus
708 1322 831 1359 eram,
845 1323 889 1350 ex
905 1319 997 1351 rata
1014 1321 1096 1350 mea
1110 1314 1234 1352 inten.

222 1373 328 1413 tione
335 1369 535 1424 promovi.
557 1368 666 1408 Dum
690 1366 779 1410 vero'
791 1370 1001 1426 complures
1030 1371 1104 1410 alii
1119 1371 1238 1410 Ordi-

220 1428 342 1470 nandt'
365 1426 420 1467 ad
432 1423 692 1481 Exorcislaeas
705 1451 719 1474 ‚
741 1435 859 1480 atque
873 1428 1102 1480 Acolytacas
1120 1430 1237 1468 Ordi-

219 1499 282 1530 nes
292 1481 556 1543 sufiipiendos
582 1482 798 1542 accessere,
828 1485 906 1543 ipſs
937 1489 1082 1528 Frater
1114 1489 1164 1526 N.
1187 1489 1239 1527 Ν.

216 1553 290 1600 per
317 1546 387 1586 Me
418 1540 482 1583 abs
510 1541 625 1582 dubia
659 1554 858 1596 nunquam
883 1554 1035 1586 vocatus
1069 1557 1142 1584 non
1171 1544 1241 1599 sb-

223 1601 452 1659 Iumfronte
479 1598 668 1650 obduft'a,
681 1601 758 1658 sed
780 1611 861 1650 toto
874 1611 1029 1657 corpore
1045 1601 1242 1658 abfiondi·

219 1671 283 1704 tus
304 1661 401 1716 (uti
428 1657 561 1714 testati
570 1657 672 1714 fient
687 1672 808 1701 omnes
822 1688 836 1710 ,
858 1665 927 1715 qui
941 1661 1240 1718 fuerepraefi'n-

220 1727 277 1763 tes
296 1719 316 1775 )
340 1725 457 1772 atque
482 1730 527 1757 ex
551 1718 677 1759 latere
702 1717 890 1773 Magistri
912 1721 1240 1761 Caeremont‘arum

229 1789 388 1819 manum
400 1775 520 1832 fitam
541 1776 739 1824 extendit,
761 1779 1041 1830 materiamque
1039 1775 1166 1830 simul
1190 1775 1244 1826 ῤ’

224 1831 432 1892 νσΛὺεὲῗίυὲ
457 1846 543 1875 cum
567 1833 655 1874 aliis
679 1834 793 1876 nimis
804 1834 1007 1890 fidenter,
1032 1836 1247 1888 callideque

218 1907 280 1936 me
293 1892 412 1990 ipsein
423 1890 537 1948 ausus
551 1889 604 1946 est
617 1891 847 1945 contingere.
856 1896 890 1935 U
897 1903 911 1933 t
929 1905 1065 1934 autem
1081 1892 1244 1934 suadeat

221 1949 301 2006 Epi
319 1962 473 2004 copu8‚
503 1946 541 1990 se.
573 1947 697 2003 reipsa
725 1957 822 1990 tunc
852 1949 1020 1993 minime
1041 1947 1242 2003 agnovisse

220 2011 408 2053 Fratrem
425 2009 477 2048 N.
492 2008 545 2048 N·
568 2033 582 2055 ‚
621 2007 678 2048 ita
694 2007 825 2061 pergit
854 2009 894 2049 in
921 2007 984 2050 sua
1015 2008 1240 2050 relatione:

220 2070 354 2110 Patres
373 2061 660 2119 Eminentiffimi
675 2090 691 2113 2
704 2066 884 2122 qui'fleri
897 2075 1059 2121 poterat
1073 2092 1088 2115 a
1115 2076 1161 2108 ut
1175 2078 1241 2121 ego

217 2127 265 2168 de
294 2132 351 2166 tot
379 2121 694 2165 ordinandorum
724 2124 900 2166 manibus
924 2124 1200 2178 distinguerem
1222 2151 1238 2174 s

221 2192 343 2236 atque
385 2179 678 2237 internoseerem
714 2194 871 2224 manum
906 2183 1065 2228 Fratris
1104 2186 1157 2225 N.
1187 2186 1240 2224 N.

223 2239 766 2294 capucini,maxime‚quando
780 2240 948 2282 cucullus
963 2239 1126 2297 ejusdem
1141 2244 1240 2284 cine-

221 2298 341 2342 ricius
363 2294 448 2337 albo
477 2295 680 2350 tegebatur
694 2296 999 2351 superpelliceo?
1026 2301 1083 2338 At
1114 2302 1131 2352 (
1139 2297 1243 2356 ficut

222 2355 386 2410 accepi)
428 2356 500 2394 PP.
513 2353 699 2407 capucini
722 2355 908 2397 Fratrem
928 2357 982 2396 N.
1010 2357 1063 2395 N.
1104 2356 1147 2395 de
1175 2369 1244 2397 ra-

225 2423 270 2457 ta
282 2412 492 2466 validaque
503 2412 557 2452 ad
565 2424 609 2464 4.
628 2413 798 2453 Minores
815 2413 975 2454 Ordines
999 2416 1243 2467 promotione

225 2479 438 2516 autumant
463 2467 739 2528 defrustans-iri
752 2497 767 2519 ‚
789 2473 883 2525 quia
905 2469 984 2526 (ut
1007 2470 1156 2531 ajunt)
1179 2483 1243 2511 ac·

225 2531 324 2589 ccfflt
347 2538 503 2570 vocatus
521 2556 535 2580 ‚
558 2527 714 2584 ejusque
738 2528 896 2587 acceffl'ts
921 2528 1122 2587 haudfuit
1142 2530 1242 2570 dolo·

213 2590 314 2649 fies:
338 2586 527 2630 enimvero
560 2589 742 2628 Fratrem
775 2590 827 2630 N.
860 2590 915 2629 Ν.
936 2616 951 2639 ,
989 2601 1055 2643 ego
1093 2601 1157 2630 nec
1181 2599 1242 2628 vo-

225 2649 343 2699 cavi,
357 2659 422 2689 nec
434 2643 529 2701 juffl
541 2642 674 2687 vocari
685 2673 696 2685 .
717 2647 812 2686 ltem
832 2645 877 2687 de
889 2646 959 2687 hac
976 2674 991 2696 ,
1012 2655 1242 2701 quamprae-
1258 2651 1269 2661 ⁴

212 2706 376 2764 fhmit,
401 2706 619 2745 vocatione.
643 2702 834 2760 dequesta·
856 2703 954 2745 bona
964 2702 1047 2759 fido
1064 2705 1243 2746 idemmet

225 2766 374 2810 Frater
401 2764 454 2804 N.
483 2763 537 2803 N.
578 2759 714 2803 aanor
738 2788 754 2810 a
789 2761 898 2803 affor
921 2789 935 2811 ‚
958 2761 1117 2818 sibique
1144 2762 1248 2818 testis

225 2822 279 2873 cll
293 2821 536 2879 fingularis.
571 2820 730 2880 Qubus
753 2820 806 2862 ita
823 2821 1009 2876 expositis
1023 2850 1039 2872 ,
1054 2818 1248 2862 refellens

228 2881 394 2923 demum
424 2877 638 2932 Episcopus
669 2892 886 2933 paucorum
913 2878 1248 2920 Scholasticorum

226 2936 463 2983 sententiam
477 2965 493 2986 ‚
506 2937 572 2991 qui
591 2945 735 2992 putant
750 2936 798 2978 ad
819 2936 999 2978 valorem
1012 2936 1246 2978 Ordinatio-

230 2998 293 3040 nis
307 2996 398 3038 satis
422 2994 619 3050 superque
635 2993 713 3036 effe
730 3023 743 3045 ,
770 2994 794 3035 fi
812 2994 1029 3050 Episcopus
1057 2994 1248 3036 ordinan-

232 3055 289 3097 do
300 3053 410 3109 scrib
422 3062 541 3108 agat:
576 3054 806 3107 iterumque
822 3062 1011 3108 repetens
1027 3052 1067 3094 se
1088 3050 1248 3094 habuis-

233 3112 276 3154 se
290 3111 428 3153 seriam
444 3110 598 3152 firmam
620 3113 660 3153 &
675 3110 876 3153 efficatem
895 3111 1144 3153 voluntatem
1164 3138 1177 3161 ‚
1204 3123 1250 3151 ac

233 3170 508 3213 intentionem
538 3168 764 3224 denegandi
798 3170 1008 3224 Capucino
1043 3169 1103 3210 illi
1137 3169 1251 3210 binos

234 3227 414 3271 Ordines
431 3225 670 3281 posteriores
682 3256 697 3276 ,
710 3226 918 3269 concludit
940 3228 1041 3269 hanc
1056 3226 1162 3269 suam
1176 3223 1253 3268 effe

233 3286 478 3331 sententiam
501 3293 556 3324 Ξ
581 3287 727 3328 Frater
769 3287 820 3326 N.
851 3287 903 3326 N.
929 3289 1145 3339 capucinus
1161 3312 1175 3335 ,
1209 3292 1253 3326 ut

226 3349 358 3406 supra
370 3373 384 3394 ‚
399 3342 573 3397 intrufies
587 3341 695 3383 haud
709 3342 835 3383 valide*
846 3342 1046 3385 ordinatus
1059 3343 1111 3399 est
1123 3371 1138 3383 .

295 3404 368 3446 His
387 3403 523 3456 itaque
548 3402 597 3442 ab
616 3397 809 3455 Fpiscopo
824 3400 1030 3443 Uxentino
1045 3399 1224 3456 acceptis
1238 3428 1252 3452 ,

235 3463 277 3503 δε
302 3461 438 3504 Fratri
472 3462 527 3501 N.
544 3462 596 3501 N.
618 3458 920 3500 communicatis
946 3487 962 3508 ,
1001 3458 1148 3501 nedum
1181 3458 1252 3500 iste

238 3534 314 3576 pro
334 3518 612 3562 declaratione
638 3515 717 3572 jam
736 3515 863 3571 petita
888 3515 1011 3558 modo
1028 3518 1147 3559 iterat
1165 3531 1252 3570 pre-

239 3591 334 3628 ces,
355 3579 495 3621 verum
513 3575 632 3618 etiam
648 3573 730 3616 suas
748 3574 886 3616 adiicit
905 3577 1150 3617 Procurator
1163 3578 1251 3616 Ge-

239 3634 385 3678 neralis
399 3635 562 3677 Ordinis
589 3633 894 3688 Capucinorum
912 3661 926 3683 ,
952 3633 1019 3688 qui
1043 3632 1165 3689 probe
1179 3631 1252 3674 de-

240 3692 495 3749 prehendens
522 3706 571 3734 ex
598 3692 797 3733 relatione
814 3691 1025 3747 Episcopi,
1047 3690 1250 3734 afferentis

238 3752 279 3796 se
309 3749 464 3808 pluries
494 3751 719 3802 certiorem
745 3748 877 3807 feciffe
908 3752 1093 3793 Fratrem
1127 3752 1183 3805 Ν.
1195 3753 1249 3793 Ν.

355 3813 457 3853 Tem.
473 3811 548 3852 111.

1302 327 1408 379 quod
1426 326 1559 365 nonnii
1593 324 1693 364 duos
1726 321 1883 378 priores
1913 319 2148 365 Ostiariatfss
2175 324 2214 362 δι
2237 326 2317 365 Le-

1300 381 1474 424 &oratus
1501 381 1675 423 Ordines
1704 393 1796 422 tunc
1836 391 1923 423 erat
1960 381 2021 422 illi
2059 381 2315 432 collaturus,

1303 454 1347 483 ac
1379 442 1454 482 una
1484 439 1595 482 fimul
1631 440 1670 479 in
1701 440 2014 480 controversiam
2045 439 2319 490 adducentis,

1302 513 1396 540 num
1436 498 1544 540 idem
1591 499 1732 538 Frater
1770 500 1905 553 Ν.Ν.
1955 496 2080 538 fuerit
2121 506 2318 538 evocatus

1309 571 1399 598 cum
1416 557 1504 598 aliis
1520 583 1535 606 ,
1556 569 1656 607 quos
1672 555 1888 610 Episcopus
1913 555 2103 597 statuerat
2126 553 2176 597 ad
2193 555 2319 609 gemi-

1306 628 1378 656 nos
1401 614 1640 668 posteriores
1658 612 1828 656 Ordines
1843 625 2086 669 promovere
2099 640 2113 663 ‚
2138 611 2243 656 haud
2260 612 2321 653 le-

1311 686 1400 713 vem
1426 683 1638 724 emergere
1651 669 1898 713 occasionem
1921 671 2162 721 dubitandi,
2190 684 2322 715 num„

1307 731 1378 771 hos
1395 727 1527 770 valide
1542 726 1762 781 susceperit
1782 730 1796 768 ἲ
1822 737 1865 769 ut
1889 728 1994 782 pede
2017 739 2108 771 tuto
2123 727 2195 770 hac
2220 727 2258 769 in
2274 741 2320 770 re

1304 785 1549 841 procedatur
1562 811 1576 833 ‚
1603 784 1944 839 circumspectum.
1964 789 2004 828 S.
2019 786 2319 842 Congregatioe

1302 846 1363 886 nis
1386 843 1573 894 iudicium
1590 842 1777 897 implorat
1792 870 1804 883 .

1361 905 1565 956 Frequens
1578 900 1683 954 apud
1702 902 1898 943 Doctores
1912 900 1970 942 est
1983 901 2138 956 quaestio
2153 926 2167 949 ,
2188 915 2238 944 an
2259 902 2321 944 ir-'

1303 962 1378 1002 rita
1394 962 1437 1000 {it
1453 960 1666 1001 Ordinatio
1681 972 1839 1010 eorum,
1855 959 1920 1013 qui
1938 957 2077 1000 furtim
2094 958 2173 1000 sese
2186 960 2315 1002 intru-

1300 1016 1434 1061 serunt
1453 1018 1728 1068 ordinationi,
1745 1017 1907 1073 quando
1927 1015 2144 1071 Episcopus
2159 1027 2252 1060 ante
2268 1016 2322 1058 il-

1299 1076 1378 1118 lam
1393 1076 1632 1129 protestatus
1644 1077 1715 1125 est,
1730 1074 1768 1116 se
1787 1089 1863 1116 non
1879 1074 2029 1116 habere
2048 1074 2320 1118 intentionem

1301 1136 1346 1176 iis
1373 1134 1452 1179 sese
1471 1135 1525 1176 ita
1544 1133 1841 1179 intrudentibus
1859 1131 2034 1177 Ordines
2051 1130 2322 1176 conferendi.

1301 1195 1449 1235 Putant
1468 1192 1659 1236 nimirum
1676 1191 1825 1248 aliqui,
1852 1205 1920 1234 eos
1938 1189 1985 1232 fic
2000 1190 2210 1233 ordinatos
2237 1203 2319 1231 non

1299 1252 1486 1306 recipere
1513 1253 1786 1294 characterem
1809 1265 1860 1291 ex
1889 1248 2048 1292 defectu
2077 1249 2320 1290 intentionis

1299 1310 1496 1361 Ministri‚
1525 1320 1568 1352 ut
1598 1309 1707 1365 ajunt
1736 1308 1885 1367 Rebuffi
1900 1316 2023 1363 prax.
2050 1304 2173 1362 benef:
2195 1305 2262 1350 tit.
2277 1307 2323 1351 de

1299 1369 1440 1411 Cleric.
1471 1368 1526 1408 ad
1548 1369 1643 1410 Ord.
1673 1368 1774 1414 malc'
1797 1376 1963 1423 promot.
1982 1366 2097 1423 gloſs.
2125 1380 2164 1422 4.
2196 1380 2236 1414 2.
2257 1379 2322 1421 19.

1302 1430 1477 1469 Navarr.
1493 1426 1594 1483 conſs
1612 1441 1645 1468 ι.
1668 1426 1712 1470 de
1727 1438 1765 1467 ea
1779 1452 1793 1476 ,
1825 1423 1895 1480 qui
1899 1423 2062 1483 furtive?
2074 1453 2085 1465 .
2105 1423 2265 1481 Barbas
2280 1425 2322 1464 in

1301 1496 1382 1540 cap.
1407 1500 1436 1526 ι.
1463 1486 1589 1526 eodem
1602 1488 1668 1527 tit.
1683 1497 1788 1527 num.
1809 1497 1843 1525 1.
1866 1487 1907 1524 in
1918 1483 2019 1539 sine.
2043 1483 2215 1537 Pirbing.
2245 1481 2323 1523 ibi-

1302 1544 1384 1585 dem
1402 1557 1506 1583 num.
1522 1554 1561 1590 5.
1587 1543 1689 1597 vers-¹
1714 1542 1924 1585 notandam
1939 1570 1949 1581 .
1979 1542 2323 1596 Schmalzgrueber

1300 1601 1396 1643 ibat.
1421 1615 1527 1642 num.
1547 1614 1585 1655 3.
1612 1601 1691 1642 Alii
1709 1601 1805 1642 vero
1819 1600 2063 1641 contrariam
2079 1609 2219 1642 tenent
2236 1598 2323 1641 sen-

1304 1659 1474 1702 tentiam
1489 1686 1503 1709 ‚
1527 1658 1618 1713 quia
1637 1657 1818 1713 generali
1845 1657 2092 1708 intentioni,
2118 1671 2234 1715 quam
2254 1658 2324 1698 ha-

1303 1717 1425 1759 bebat
1441 1745 1454 1766 ,
1478 1716 1783 1772 declaravitque
1800 1714 2017 1771 Episcopus
2032 1715 2084 1757 de
2105 1729 2183 1760 non
2199 1714 2324 1756 Ordi-

1308 1775 1446 1817 nandis
1462 1773 1602 1817 furtim
1618 1775 1904 1817 accedentibus
1919 1802 1933 1826 ,
1963 1773 2178 1828 praevaleat
2194 1772 2326 1814 subse-

1306 1847 1434 1888 quens
1462 1834 1714 1887 particularis
1743 1832 1918 1875 intentio
1938 1832 2176 1875 conserendi
2202 1832 2328 1874 Ordi-

1307 1906 1398 1934 nem
1416 1891 1488 1933 tali
1507 1892 1656 1932 homini
1674 1920 1687 1942 ,
1702 1892 1769 1947 qui
1785 1903 1927 1934 coram
1941 1891 2025 1944 ipso
2037 1891 2076 1932 in
2091 1904 2181 1932 eum
2197 1889 2321 1932 finem

1304 1950 1342 1992 se
1360 1950 1450 1992 [istit
1468 1978 1478 1988 .
1502 1947 1683 2004 Thesaur.
1699 1951 1743 1990 de
1752 1959 1855 2006 paen.
1872 1948 2131 2006 Ecclcsspart.
2146 1962 2183 1990 2.
2199 1949 2235 1998 ᾗ.
2253 1952 2324 1990 Or.

1304 2010 1405 2049 dines
1420 2017 1504 2061 cap.
1525 2019 1564 2056 7.
1594 2021 1700 2048 num.
1718 2021 1753 2048 2.
1769 2009 1954 2049 Ganzales
1980 2005 2022 2047 in
2043 2016 2128 2061 cap.
2150 2007 2325 2050 innotuit·

1301 2067 1344 2107 de
1355 2080 1423 2116 eo,
1454 2079 1522 2119 que
1539 2063 1714 2122 furtive.
1734 2068 1853 2108 Cara.
1874 2066 1916 2106 de
1948 2069 2052 2120 Lugo
2080 2066 2123 2105 de
2149 2068 2324 2107 Sacram.

1304 2125 1399 2181 disp.
1428 2127 1466 2165 8.
1508 2138 1613 2165 num.
1637 2137 1676 2166 ιι
1683 2137 1722 2179 9.
1753 2122 1936 2166 Benacin.
1962 2125 2007 2164 de
2023 2126 2197 2164 sacram.
2223 2123 2321 2180 disp.

1302 2197 1339 2225 2.
1368 2196 1408 2239 q.
1440 2196 1477 2222 2.
1498 2181 1635 2240 punH.
1668 2195 1707 2232 4.
1724 2197 1762 2224 2.
1782 2183 1822 2223 6.
1849 2181 2050 2224 Marcbin.
2075 2181 2121 2221 de
2143 2185 2322 2222 Sacram.

1306 2243 1401 2285 Ora.
1429 2239 1548 2281 troii.
1578 2252 1611 2286 1.-
1630 2248 1742 2293 part.
1767 2253 1806 2283 2·
1829 2249 1912 2296 cap.
1942 2254 2003 2286 ιι.
2037 2252 2144 2284 num.
2175 2251 2236 2291 17.
2270 2239 2324 2289 ὼ

1303 2299 1461 2339 caeteri.

1363 2357 1424 2396 Ex
1443 2354 1502 2394 his
1532 2362 1662 2396 tamen
1680 2355 1866 2398 nonnulli
1880 2364 2074 2405 monent,
2100 2353 2322 2397 eumdem..

1304 2413 1544 2467 Episcopum
1561 2437 1576 2460 ,
1594 2411 1618 2450 fi
1633 2410 1719 2453 fieri
1737 2424 1884 2465 queat,
1904 2413 2199 2468 explorandum
2214 2409 2292 2453 effe
2306 2439 2323 2461 ,

1304 2469 1381 2526 quii
1397 2479 1534 2511 mente
1561 2468 1684 2510 fuerit
1700 2497 1715 2520 ,
1740 2469 1834 2511 dum
1849 2472 2025 2513 Ordines
2039 2470 2213 2511 contulit
2230 2495 2244 2516 s
2275 2469 2325 2509 sl-

1331 2541 1380 2574 ue
1410 2527 1566 2582 posthac
1596 2540 1676 2575 non
1693 2527 1794 2570 levis
1822 2530 1952 2575 adhuc
1979 2527 2143 2583 superfit
2165 2526 2322 2573 occasio

1301 2543 1515 2630 dubitandi
1530 2585 1582 2628 de
1599 2584 1740 2627 valore
1760 2588 2032 2631 ordinationis
2046 2614 2059 2637 ‚
2075 2599 2180 2636 eam,
2194 2584 2324 2639 inqui-

1303 2643 1465 2694 unt2sub
1480 2643 1715 2687 conditione
1731 2645 1956 2690 iterandam
1970 2675 1982 2687 .
2014 2645 2134 2687 Card.
2155 2646 2199 2685 de
2219 2647 2323 2697 Lugo

1307 2705 1375 2746 loc.
1392 2706 1456 2745 ct't.
1478 2716 1517 2744 n.
1538 2715 1552 2744 1
1567 2716 1626 2758 19.
1645 2707 1769 2758 Fagn.
1787 2708 1828 2745 in
1841 2715 1923 2760 cap.
1938 2718 2024 2747 cum
2037 2702 2194 2759 venfflt
2210 2716 2247 2743 n.
2253 2706 2324 2758 98·

1306 2762 1349 2803 de
1379 2767 1487 2810 Saer.
1516 2760 1622 2802 unet.
1663 2762 1715 2809 ὠ·
1739 2772 1820 2816 cap.
1838 2763 1927 2822 fieae
1956 2764 2119 2806 Littera
2145 2774 2184 2805 n.
2200 2775 2241 2818 9.
2274 2760 2322 2806 ἐς

1305 2820 1384 2875 fi-q.
1414 2821 1461 2861 de
1481 2819 1617 2861 Cleric.
1640 2828 1715 2872 per
1724 2819 1827 2876 salt.
1847 2831 2016 2877 promot-
2043 2825 2194 2874 pignat.
2224 2822 2324 2860 Con·

1292 2879 1509 2935 fult-140.
1537 2890 1575 2918 n.
1603 2877 1642 2919 6.
1680 2886 1770 2921 tom.
1796 2891 1836 2932 4.
1879 2880 2058 2936 Thcfiur.
2089 2880 2157 2919 lot.
2180 2880 2246 2918 cit.
2276 2875 2323 2921 ἐς

1308 2939 1444 2978 Emin.
1459 2938 1571 2976 Petra
1583 2945 1678 2977 tom.
1694 2947 1733 2983 5.
1759 2939 1811 2978 ad
1825 2938 1984 2994 Cosssit.
2000 2950 2043 2987 7.
2058 2939 2130 2980 Pii.
2147 2938 2199 2976 11.
2226 2947 2264 2974 n.
2279 2933 2322 2972 6.

1300 3003 1396 3050 pag.
1412 2996 1503 3035 282.
1524 2994 1775 3050 Distinguunt
1794 3006 1986 3050 praeterea
2002 2993 2153 3049 aliqui,
2177 2990 2326 3032 adver-

1311 3052 1474 3099 tendum
1492 3051 1569 3093 esse
1584 3081 1598 3110 2
1623 3066 1721 3095 num
1738 3054 1923 3111 Episcopi
1944 3050 2177 3108 protestatio
2199 3047 2325 3094 suerit

1311 3110 1511 3167 generalis
1536 3111 1576 3152 in
1602 3110 1856 3166 quoscunque
1885 3110 2024 3153 furtim
2050 3108 2089 3150 se
2115 3107 2326 3148 intruden-

1313 3178 1375 3211 tes
1393 3169 1502 3211 edita
1517 3198 1532 3219 ‚
1558 3183 1601 3211 ac
1617 3183 1689 3224 per
1703 3166 1894 3210 Fiscalem
1910 3167 2156 3223 promulgata
2172 3179 2186 3217 ;
2222 3167 2324 3206 hanc

1314 3228 1422 3269 enim
1450 3227 1586 3268 dicunt
1612 3226 1661 3268 ad
1689 3235 1889 3268 terrorem
1922 3226 2053 3281 potius
2081 3253 2094 3276 ‚
2125 3226 2242 3279 quam
2275 3221 2325 3263 ad

1312 3286 1434 3327 alium
1456 3283 1575 3326 finem
1591 3287 1743 3326 censeri
1769 3283 1922 3326 debere
1936 3282 2076 3325 (aetam
2091 3311 2105 3333 ,
2132 3282 2241 3323 secus
2256 3294 2328 3322 ve-

1312 3344 1383 3393 ro,
1414 3344 1501 3383 flea
1519 3340 1638 3384 fuerit
1663 3343 1700 3383 in
1723 3342 1967 3395 peculiarem
2000 3341 2170 3397 aliquam
2185 3339 2327 3383 Perso-

1313 3414 1403 3443 nam
1429 3399 1478 3441 ab
1500 3397 1668 3454 ipsomet
1696 3398 1867 3441 Praesule
1891 3400 2040 3442 direua
2058 3429 2070 3452 ‚
2097 3410 2193 3441 tunc
2219 3400 2325 3440 enim

1310 3457 1467 3515 gravius
1482 3457 1534 3498 de
1550 3458 1794 3500 collatorum
1807 3458 2002 3499 Ordinum
2019 3458 2227 3500 validitate
2242 3470 2327 3497 ani-

1313 3515 1529 3572 bigendum
1545 3512 1632 3558 fore
1647 3517 1886 3570 opinantur,
1911 3525 1955 3558 ut
1971 3516 2110 3559 videre
2124 3515 2178 3557 est
2206 3527 2325 3570 penes

1316 3580 1462 3619 Donat.
1477 3577 1519 3614 in
1521 3575 1782 3629 prax.Regul.
1797 3583 1892 3629 to.3.
1906 3574 2024 3616 trafl.
2041 3590 2075 3628 3.
2089 3588 2127 3629 q.
2150 3589 2161 3615 1
2175 3587 2212 3625 3.
2235 3587 2272 3613 n.
2294 3586 2326 3612 r.

1313 3633 1503 3677 Monacel.
1519 3630 1737 3687 informul.
1759 3642 1803 3688 p.
1822 3645 1860 3674 2.
1884 3636 1952 3675 tit.
1979 3647 2041 3688 ¹3·
2070 3647 2175 3675 num.
2190 3644 2260 3684 4¹·
2280 3631 2325 3676 {55

1297 3692 1388 3750 stq.
1403 3700 1498 3744 pag.
1518 3691 1585 3738 76.

1368 3748 1525 3792 Pluries
1555 3749 1593 3789 in
1620 3747 1696 3790 hoc
1712 3751 1833 3792 Sacro
1847 3752 1998 3794 Senatu
2024 3753 2151 3792 actum
2182 3747 2254 3787 fuit
2275 3745 2328 3787 de

1695 3810 1722 3850 S
1755 3821 1777 3849 2
2140 3804 2269 3860 hujus·
