2762 4036
315 270 493 359 aliis
540 268 910 384 beneficia
943 333 966 372 ‚
1022 296 1182 385 quae
1206 268 1579 391 suspensa
1625 271 1738 358 ad
1784 302 1928 364 tua
1959 276 2295 368 Altaria
2340 280 2429 369 83

315 396 693 507 imagines
729 387 1248 477 anathemata
1276 460 1295 488 ,
1340 417 1605 481 votivae
1659 396 1951 485 tobellae
1979 464 2003 499 ‚
2069 428 2166 486 ae
2202 399 2435 486 Chro-

317 520 470 598 niei
508 508 684 594 libri
729 504 1149 618 monstrant
1194 514 1600 597 innumera
1626 577 1648 597 .
2314 504 2317 506 ⁵

387 629 693 726 >.Hine,
734 630 869 740 qui
908 630 1083 709 olim
1122 625 1367 743 pisces
1412 629 1522 713 ad
1543 658 1818 745 grates
1870 634 2038 719 Deo
2064 699 2085 736 ‚
2124 635 2436 723 Creato.

319 745 586 862 risuo·‚
619 742 713 828 ob
744 742 1116 857 beneficia
1150 811 1171 846 ‚
1211 743 1643 862 squamato
1669 751 1964 836 illorum
1989 761 2247 866 generi
2294 752 2439 839 cot·-

315 867 490 952 lata
527 861 949 948 reddendas
986 861 1445 979 eampo-ano
1480 866 1879 955 Domicilio
1915 868 2238 982 vocasti,
2289 871 2438 957 non

317 980 671 1099 despicies
717 979 1187 1064 litterarium
1230 985 1485 1098 Opus,
1537 987 1748 1098 quod
1765 985 1924 1098 sub
1973 993 2271 1071 nomine
2288 986 2437 1073 Ca-

305 1106 600 1221 pueinae
644 1096 1064 1213 6Religionis
1116 1097 1278 1180 Tibi
1318 1106 1395 1182 in
1422 1102 1942 1214 gratitudinis
1979 1105 2289 1191 titulum
2330 1105 2440 1191 di·-

319 1244 549 1306 catur
585 1282 608 1318 ‚
658 1239 1133 1333 gratumque
1200 1214 1380 1302 Tibi
1417 1220 1790 1332 probabis
1832 1221 2084 1308 abiam
2133 1288 2157 1323 ,
2221 1251 2441 1337 quem

319 1367 501 1455 erga
540 1339 803 1422 Deum
842 1332 1189 1450 pffeibus
1243 1339 1800 1426 commendasti
1832 1405 1850 1421 .
1998 1362 2000 1364 ·

439 1451 607 1571 Ipsa
643 1475 907 1538 autem
942 1452 1091 1536 haeo
1107 1463 1329 1567 grati
1362 1458 1603 1537 animi
1633 1455 2030 1554 exhibitio,
2074 1454 2188 1568 fit
2210 1459 2288 1539 in
2326 1485 2441 1541 me

318 1600 526 1660 nova
570 1568 928 1682 beneficii.
935 1575 1240 1686 petitio.
1303 1569 1760 1685 Confregiffi
1792 1572 2013 1668 olim,
2047 1576 2179 1686 qui
2213 1597 2442 1659 erant

319 1693 637 1777 virtutis
671 1685 901 1799 osores
925 1752 948 1788 ‚
978 1690 1056 1770 in
1087 1691 1485 1806 potentia,
1515 1688 1946 1775 Ezellinum
1970 1686 2287 1805 justitia
2318 1690 2445 1776 ho-

304 1809 550 1923 stem,
606 1804 815 1891 velut
853 1802 1091 1890 alium
1135 1803 1478 1891 Attilam
1528 1808 1898 1891 Leonino
1941 1811 2189 1892 animo
2241 1806 2448 1924 deje-

320 1926 526 2040 cisti,
574 1951 669 2009 ae
716 1920 985 2037 Astnos
1022 1929 1102 2007 in
1151 1924 1388 2009 tefi‘es
1433 1923 1830 2011 Veritatis
1866 1950 2140 2010 eontra
2188 1927 2446 2014 Bonel-

323 2046 482 2132 lum
516 2111 540 2147 ,
575 2039 723 2157 fleu
772 2039 1245 2127 Bonovillum
1279 2107 1301 2138 ‚
1364 2041 1453 2130 ΕΘ
1502 2039 1919 2157 infiensatos
1974 2041 2446 2158 adhibuisti3

309 2168 500 2283 pari
555 2158 716 2244 zelo
764 2160 1085 2245 Librum
1138 2226 1159 2262 ,
1221 2163 1356 2275 qui
1416 2160 1726 2247 Nomen
1775 2187 1997 2246 tuum
2057 2167 2136 2246 in
2181 2161 2448 2277 fronte

309 2284 551 2399 gerit,
571 2301 837 2362 contra
869 2279 1399 2393 Vitiligatores
1419 2282 1669 2381 tuere,
1699 2281 1786 2368 εἷθ’
1814 2281 2247 2367 Veritatem
2274 2281 2446 2365 Mo-

324 2419 861 2486 numentorum
894 2463 916 2493 ‚
978 2397 1254 2512 quibus
1296 2396 1723 2510 Apostoliea
1776 2397 2006 2484 Sedes
2059 2397 2186 2481 vel
2217 2396 2442 2484 Ordi-

326 2523 446 2604 nis
481 2512 947 2631 dffeiplinam
963 2513 1394 2628 stabilivit,
1436 2515 1560 2600 vel
1584 2542 1834 2600 rerum
1850 2509 2184 2627 sitarum
2218 2511 2442 2630 justi-

328 2642 529 2724 tiam
565 2631 928 2744 firmavit
974 2701 996 2730 ,
1069 2630 1197 2717 vel
1243 2660 1478 2716 novos
1541 2632 1775 2718 eidem
1830 2632 2141 2715 honores
2196 2632 2441 2717 deere-

327 2759 451 2840 vit
479 2822 500 2851 ‚
560 2749 858 2833 vindice
889 2747 1172 2863 favore
1202 2772 1472 2835 eontra
1510 2746 2105 2866 Reprehensores
2142 2748 2231 2836 δέ
2268 2750 2443 2853 Mo-⁴

326 2901 488 2959 mos
527 2864 1007 2984 prosequere.

447 2988 602 3107 Qi
655 2984 974 3100 denique
999 3012 1090 3069 ex
1114 2982 1401 3098 Spiritu
1429 2984 1832 3101 Sapientia
1864 2981 1952 3068 δέ)
1989 2980 2443 3083 intestatis-5

307 3135 479 3222 <quo
556 3104 674 3190 Te
738 3105 1115 3189 Dominus
1174 3105 1255 3183 in
1310 3129 1543 3187 carne
1613 3097 2136 3185 ambulantem
2184 3096 2447 3214 imple-

331 3233 454 3311 vit
482 3290 504 3324 ‚
553 3226 790 3305 Arcae
838 3222 1342 3302 Testamenti
1385 3219 1474 3302 &
1514 3218 1796 3299 Mallei
1833 3217 2445 3298 Haereticorum

334 3335 976 3450 Antonomafiam
1009 3401 1032 3436 ,
1071 3333 1475 3447 Pontificio
1521 3330 1855 3420 Oraculo
1912 3329 2380 3447 acquisivisti
2413 3384 2448 3440 9

333 3464 423 3548 ὅ
464 3455 645 3574 jam
694 3480 994 3539 areana
1038 3451 1306 3538 divina
1323 3452 1664 3566 scientia
1695 3450 1935 3534 beatd
1969 3448 2448 3565 comprehen-

316 3578 531 3692 stone
586 3570 816 3688 noscis
847 3641 870 3671 ‚
926 3571 1154 3658 vibra
1207 3576 1285 3656 in
1321 3601 1475 3670 me,
1510 3566 2019 3686 prosecutioni
2046 3571 2286 3684 operis
2323 3591 2450 3649 ac-

579 3748 581 3750 -
2237 3710 2394 3768 etn-
