2716 4082
378 262 572 351 xxiv
790 245 2027 340 PROSECleo

299 381 453 467 esse
477 367 849 457 Sandg’fflmo
905 387 1022 458 pro
1076 367 1141 434 d
1119 368 1521 456 spensatzone
1553 371 1744 459 stcper
1798 366 2269 434 Matrimonia
2280 370 2439 436 tan-

308 494 497 561 qaam
547 482 687 532 rato
733 512 749 538 ,
815 457 893 530 δέ)
950 482 1074 525 non
1142 465 1543 548 constcmato
1624 464 1912 528 Aliarum
1981 462 2438 550 Congregatio-

300 587 465 628 num
516 557 834 626 arbitrium
874 602 891 629 ‚
964 553 1025 619 8(
1084 571 1309 619 votum
1354 554 1770 622 consultivum
1826 551 2258 620 Illustriffimus
2311 559 2440 619 Do-

297 656 507 721 minus
542 648 910 717 Secretarius
930 650 1107 737 Papae
1144 647 1355 722 refert,
1385 647 1553 731 cujus
1590 648 1983 714 confirmatio
2006 644 2312 713 subsecuta
2356 649 2439 714 ad

296 749 535 812 calcem
575 741 826 819 Decreti
860 741 1199 831 apponitur
1241 764 1384 806 cum
1417 738 1657 807 verbis,
1707 738 2023 831 Fadaque
2062 739 2133 805 de
2160 743 2438 828 proemff

282 841 381 925 sis
407 855 523 922 per
566 834 683 901 llIe
723 832 1199 920 infrascriptum
1224 835 1648 900 Secretariam
1687 835 1990 902 relatione
2013 830 2438 919 Sancfifffmm

300 925 635 995 Sanditas
685 928 817 994 Sua
866 927 1131 1013 benigno>
1184 928 1415 994 annuit
1445 974 1466 1003 ‚
1529 947 1605 992 ac
1652 927 1863 996 Sacra·
1912 926 2437 1016 Congregationis

284 1023 684 1166 fintentiam
719 1019 1118 1111 approbavit.

747 1256 1990 1352 SECTIOII.

905 1503 1002 1569 De
1052 1503 1454 1572 Decretorum
1502 1506 1797 1631 divisione
1816 1553 1833 1572 .

300 1635 634 1946 ALiud
676 1763 761 1828 est
798 1766 1138 1829 Decretum
1180 1764 1487 1854 primum,
1527 1764 1587 1827 8<
1628 1766 1792 1831 aliud
1832 1764 2219 1839 secundum3
2238 1724 2443 1855 quod

567 1855 851 1923 raesertim
891 1856 1285 1922 attenditur
1270 1879 1335 1920 1n
1372 1855 1556 1932 casu,
1614 1880 1742 1947 quo
1781 1860 1976 1925 Actor
2018 1859 2284 1922 mittitur
2321 1858 2444 1920 im·

306 1949 737 2039 poffeffionem
776 1949 1140 2026 bonorum,
1188 1952 1246 2017 δί
1294 1972 1420 2040 quo
1458 1954 1796 2016 Decretum
1835 1954 2108 2062 primum
2146 1949 2232 2014 est
2265 1947 2442 2057 juffio

297 2045 582 2127 Judicis,
631 2065 744 2135 per
792 2067 978 2134 quam
1017 2044 1219 2108 Actor
1261 2042 1344 2107 ob
1379 2046 1838 2110 contumaciam
1886 2049 1976 2112 rei
2016 2044 2277 2109 mittitur
2325 2043 2443 2106 in.»

220 2133 222 2135 ’
299 2134 737 2229 posseffionem
779 2136 1088 2202 bonorum
1119 2138 1487 2229 petitorum,
1521 2137 1797 2230 custodie
1839 2141 2046 2204 causa.
2074 2160 2120 2202 c.
2145 2137 2443 2225 quoniam

300 2253 408 2299 :.10
442 2236 492 2313 ᾧ.
530 2233 601 2296 in
638 2230 786 2297 aliis
820 2247 890 2296 ut
924 2232 1033 2296 lite
1078 2253 1202 2296 non
1236 2231 1610 2318 contestata.
1657 2233 1995 2298 Decretum
2032 2235 2186 2297 vero
2235 2228 2443 2294 secun:-

300 2327 496 2401 dum,
535 2322 621 2389 est
655 2321 918 2391 secunda
950 2325 1183 2405 Judicis
1218 2322 1438 2410 juffio,
1486 2347 1600 2416 per
1649 2349 1831 2417 quarn
1874 2326 2072 2391 Actor
2115 2322 2199 2388 ob
2243 2321 2443 2412 perse-.-

303 2436 627 2485 verantem
671 2418 788 2483 Rei
829 2419 1279 2483 contumaciam
1329 2442 1512 2485 verus
1560 2419 1944 2484 constituitur
1999 2416 2313 2483 bonorum
2363 2437 2442 2479 ex

298 2513 511 2604 primo
552 2514 827 2577 Decreto
866 2512 1266 2576 detentorum
1305 2509 1642 2604 possessor,
1689 2510 1920 2577 servata
1954 2527 2168 2575 tamen
2203 2509 2319 2572 Rei
2361 2509 2442 2572 le

299 2606 521 2695 gitirna
560 2601 922 2669 defenfione
961 2603 1137 2694 super
1180 2627 1394 2670 eorum
1446 2606 1877 2694 proprietate.
1928 2604 2021 2671 Ita
2061 2602 2249 2689 Zocgs'
2245 2624 2314 2668 us
2366 2599 2440 2666 de

281 2699 327 2782 J
334 2696 559 2763 udzczts
595 2718 652 2760 n.
694 2721 745 2762 2.
793 2697 1082 2785 Pirhing.
1121 2720 1180 2762 n.
1218 2719 1314 2783 17.
1350 2719 1484 2763 cum
1515 2699 1697 2764 altis.

305 2854 308 2857 ,
487 2789 681 2854 Aliud
715 2794 1052 2856 Decretum
1103 2790 1188 2855 est
1234 2790 1597 2880 particulare
1628 2840 1645 2868 ‚
1683 2792 1857 2883 quod
1894 2790 2178 2878 dirigitur
2221 2789 2322 2855 vel
2360 2753 2441 2852 ad

301 2907 493 2958 unam
536 2884 935 2948 Provinciam
976 2907 1022 2950 c.
1053 2884 1217 2974 quod
1228 2883 1458 2972 scrzps
1496 2908 1599 2968 35.
1636 2909 1694 2974 q.
1729 2909 1784 2966 3.
1822 2886 1923 2949 vel
1959 2884 2040 2947 ad
2079 2905 2263 2948 unam
2304 2883 2442 2945 Per

305 2976 550 3050 sonam,
589 2997 633 3041 e.
658 2977 862 3064 petlsti
894 3000 955 3058 7.
993 3001 1050 3067 q.
1090 3000 1137 3042 1.
1183 2979 1244 3043 &
1284 2978 1409 3042 hoc
1454 2981 1534 3045 ad
1571 2977 2078 3070 consequentiam
2118 2999 2252 3041 non
2291 2996 2441 3037 con-

305 3069 566 3139 trahitur
607 3098 622 3137 z
670 3071 838 3136 aliud
887 3090 1091 3138 autem
1139 3074 1477 3137 Decretum
1513 3074 1836 3159 generale,
1884 3070 2059 3159 quod
2097 3070 2177 3133 ad
2218 3088 2438 3131 omnes

306 3163 589 3253 dirigitur
626 3186 671 3229 e.
702 3166 916 3230 omnia
958 3188 1056 3245 25.
1094 3187 1151 3255 q.
1195 3188 1244 3229 1.
1287 3165 1508 3258 quod,
1548 3188 1691 3230 cum
1728 3162 2021 3240 definiat,
2059 3160 2439 3252 consequen-

306 3258 401 3320 tiae
440 3255 638 3322 statuit
676 3259 1068 3348 exemplum.
1110 3281 1154 3323 c.
1193 3258 1310 3325 hac
1348 3257 1604 3344 consbna
1645 3281 1742 3339 25.
1781 3280 1839 3346 q.
1883 3281 1931 3322 1.

492 3349 684 3413 Aliud
722 3349 808 3415 est
845 3351 1304 3443 provifionale,
1347 3354 1519 3445 quod
1556 3352 1875 3443 interponi
1914 3349 2064 3416 solet
2101 3368 2438 3416 manente,

309 3442 533 3506 timore
575 3443 786 3509 damni
819 3468 906 3511 ex·
932 3463 1100 3511 mota
1140 3447 1246 3511 lite
1286 3447 1432 3511 alias
1470 3447 1730 3512 orituri:
1777 3445 1942 3511 aliud
1971 3445 2436 3511 conditionale
2422 3489 2440 3518 ,

313 3536 485 3624 quod
517 3535 676 3599 nihil
710 3540 893 3624 ponit
927 3540 996 3605 in
1028 3537 1184 3617 efle,
1223 3540 1282 3606 ἃ
1318 3563 1454 3607 non
1487 3539 1722 3630 obligat
1757 3539 2124 3607 conditione
2163 3559 2294 3603 non
2329 3559 2438 3631 pu⁴

310 3625 569 3693 rificata.
2057 3662 2061 3667 .

492 3721 658 3783 Scitu
705 3724 957 3813 dignior
1003 3746 1212 3794 autem
1260 3727 1347 3794 est
1393 3726 1620 3798 divifio
1657 3729 1909 3808 Decreti
1954 3727 2019 3807 in
2065 3726 2438 3794 circumscri-

2165 3839 2343 3910 ptum
