2618 4108
380 217 559 332 276.

316 468 356 512 A
372 474 511 521 tergo:
531 455 684 502 Ditem
697 453 818 505 Filio,
834 454 972 498 Nobili
995 457 1098 507 Viro,
1113 454 1366 521 Wofff'gango

523 517 736 561 Guilietmo
750 545 767 573 ‚
792 517 901 559 Dua
916 516 1119 571 Neobmgu·
1130 543 1146 557 .

582 321 762 378 Eodem
793 333 1069 397 argumento
1092 357 1106 378 .

317 636 918 717 onssoossius
973 637 1179 690 PAPA
1236 639 1356 692 xv.

388 761 546 810 Dileble
575 759 659 809 Pili
679 785 694 808 ‚
727 753 878 801 Nobilis
912 755 1008 806 Vir,
1030 755 1207 815 salutem
1235 757 1283 805 ω’

524 819 782 878 Apostolicam
810 811 1116 861 BenediHionom
1134 841 1148 857 .

457 929 582 975 Ocuit
599 924 836 985 jampridem
853 921 1059 968 Nobilitas
1079 926 1166 971 Tua
1183 926 1354 967 Germa·-

477 990 580 1033 niam
598 983 824 1031 universam
841 1010 854 1031 ,
868 983 1007 1039 quanti
1023 985 1125 1037 apud
1147 985 1208 1027 Te
1223 981 1266 1025 sit
1285 983 1351 1024 Di·

324 1065 406 1095 vini
431 1046 581 1093 Cultus
613 1047 904 1089 incrementum
922 1071 935 1093 ,
960 1042 1000 1082 ἃ.
1016 1042 1243 1086 Catholicae
1265 1044 1351 1084 Re·-

320 1110 485 1165 ligionis
509 1104 771 1168 propagatio.
803 1101 980 1145 Consilia
1008 1115 1058 1144 ex
1086 1102 1349 1147 eodemCoe-

320 1170 433 1213 lestis
454 1167 666 1223 bapientiae
689 1161 803 1205 fonte
829 1159 1030 1205 manantia
1055 1160 1229 1221 postulat
1245 1188 1260 1211 ‚
1286 1169 1351 1201 at-

317 1243 399 1285 que
417 1228 618 1282 exspectat
639 1225 659 1265 ἐ
676 1224 742 1267 Te
764 1220 994 1263 Christiana
1008 1219 1251 1275 Respublica
1278 1218 1349 1262 in.»

317 1283 602 1332 Ratisbonensi
622 1287 844 1324 Conventu
858 1309 869 1320 .
903 1279 1016 1320 Illius
1044 1280 1152 1322 enim
1170 1279 1350 1320 Sanctio-

314 1348 432 1389 nibus
453 1340 706 1387 orthodoxae
735 1339 848 1386 Fidei
870 1337 1064 1382 securitas
1079 1365 1093 1387 ‚
1117 1339 1153 1383 ἃ
1173 1337 1348 1378 Romani

309 1405 480 1461 Imperii
511 1401 686 1457 dignitas
714 1397 992 1444 continebitur
1017 1410 1032 1456 ξ,
1065 1394 1307 1441 beneficium
1334 1424 1348 1449 ,

308 1462 425 1522 grata
458 1459 792 1515 consequentium
822 1466 981 1502 aetatum
1024 1453 1224 1499 memoria
1247 1483 1262 1506 ‚
1303 1456 1344 1502 ὃς

305 1522 520 1582 perpetuis
551 1522 773 1564 Nationum
800 1518 981 1560 omnium
1006 1515 1190 1562 laudibus
1227 1514 1342 1557 cele-

307 1581 527 1632 brandum,
549 1577 728 1633 Ecclesia
744 1575 916 1622 defferet
946 1576 1016 1626 iis,
1042 1575 1190 1630 quibus
1206 1572 1341 1617 suffra-

307 1642 497 1697 gantibus
511 1666 525 1689 2
557 1637 825 1694 Imperatoria
841 1634 1058 1678 auctoritas
1071 1632 1345 1690 proscriptum

304 1701 535 1748 Palatinum
556 1698 742 1741 Caelareae
771 1695 995 1738 mentonis
1023 1692 1223 1749 dignitate
1254 1697 1344 1748 spo·-

303 1759 471 1806 liaverit
489 1787 503 1809 ,
518 1769 642 1813 atque
658 1755 826 1806 Imperii
843 1751 1043 1799 evadendi
1064 1766 1185 1808 opem
1202 1753 1343 1793 Haere-

301 1820 394 1861 ticis
415 1817 669 1871 Principibus
686 1813 884 1861 aternum
899 1811 1103 1854 ademerit
1120 1841 1131 1852 .
1158 1810 1342 1853 incredi-

303 1877 391 1921 bile
406 1878 514 1919 dic‘tu
534 1877 587 1918 est
604 1905 619 1926 ,
644 1873 842 1931 quantum
860 1871 993 1919 Nobis
1013 1868 1277 1925 gratissimum
1300 1870 1341 1916 id

299 1940 516 1992 negotium
534 1934 726 1981 conficiat
744 1930 1029 1974 sollicitudinis
1046 1959 1056 1969 .
1078 1932 1220 1984 Quare
1233 1959 1249 1982 ,
1265 1928 1340 1975 etii

296 1995 566 2051 Imperatoris
585 1993 712 2036 Eleeti
728 1992 872 2047 pietati
886 1989 1057 2032 fidamus
1074 2017 1088 2039 ,
1106 1999 1227 2043 atque
1243 2002 1338 2029 con-

295 2055 448 2101 stantiae
465 2081 478 2103 ‚
508 2065 677 2095 caeteros
706 2062 843 2092 tamen
868 2047 1112 2091 Catholicos
1139 2050 1335 2094 Proceres

293 2113 569 2168 alloquimur,
596 2113 679 2167 quo
695 2108 859 2157 sociatis·
878 2109 1060 2155 viribus,
1084 2105 1334 2160 consiliisque

289 2173 568 2229 periculorum
599 2169 782 2216 omnium
812 2167 936 2210 minas
970 2165 1211 2222 negligant,
1242 2174 1332 2206 tan-

288 2241 462 2287 tumque
476 2229 706 2277 Christiano
727 2227 831 2269 Orbi
856 2227 1047 2271 solatium
1061 2234 1302 2278 comparent
1319 2252 1332 2268 .

287 2293 499 2346 Qantam
521 2290 620 2330 vero
642 2288 753 2343 spem
779 2284 1107 2332 constituerimus
1123 2283 1160 2323 in
1179 2281 1332 2324 virtute

287 2362 412 2406 atque
443 2347 659 2407 prudentia
691 2345 935 2391 Nobilitatis
960 2344 1084 2392 Tuae,
1109 2340 1331 2395 cognosces

284 2422 334 2451 ex
354 2409 538 2452 sermone
558 2405 817 2451 Venerabilis
834 2403 984 2451 Pratris
1000 2430 1014 2453 ‚
1031 2400 1201 2450 Caroli,
1219 2400 1331 2455 Epis-

281 2471 378 2518 copi
404 2465 631 2517 Aversani,
666 2464 808 2508 Nuntii
836 2461 1084 2518 Apostolici‚
1111 2461 1150 2501 &
1178 2459 1328 2505 Dilecti

281 2529 403 2577 Filii,
442 2529 506 2569 Fr.
544 2523 766 2580 Hyacinthi
801 2521 1025 2569 Casalensis
1048 2548 1062 2570 ‚
1095 2519 1328 2573 Capucini‚
1389 2539 1412 2581 q

286 2588 432 2642 quibus
453 2583 613 2628 tantum
631 2583 841 2638 negotium
859 2578 1098 2623 curantibus
1114 2606 1128 2630 ‚
1155 2580 1195 2620 &
1223 2581 1327 2621 Pon·
1386 2598 1411 2639 q

281 2644 404 2687 tificia
436 2644 582 2687 auxilia
613 2641 906 2697 pollicentibus
933 2639 1106 2681 eandem
1127 2663 1141 2683 a
1164 2651 1325 2694 quam-a

279 2705 412 2748 Nobis
430 2732 443 2754 ,
471 2701 594 2745 fidem
616 2700 771 2747 habere
788 2699 942 2755 poterit
971 2697 1184 2742 Nobilitas
1203 2698 1292 2738 Tua
1308 2725 1323 2750 ‚

277 2763 346 2806 cui
385 2762 548 2817 Apostol
558 2762 657 2807 icam
693 2758 1026 2801 Benedietionem
1060 2766 1320 2812 peramanter

274 2822 539 2877 impartimur
556 2851 569 2861 .
600 2821 753 2862 Datum
773 2829 818 2861 ut
823 2817 957 2878 fiepra
975 2846 988 2859 .

284 2948 290 2953 ’
334 2945 395 2994 AEx
411 2937 541 3000 eadem
554 2935 729 2988 Archivo
751 2937 935 2984 VatIcano
952 2938 1129 2981 secreto.

1032 208 1087 248 ⁶
1166 203 1614 328 custodia

1692 328 1875 385 Eodem
1900 334 2208 406 argumento.

1423 453 1460 499 Δ
1476 460 1622 508 tergo:
1660 450 1819 495 Dr’leblo
1832 451 1937 495 Felio
1950 477 1966 500 ‚
2001 453 2142 499 Nobili
2163 455 2279 504 Viro,
2316 456 2463 501 comiti

1511 515 1559 555 de
1587 515 1718 566 Ognat
1738 538 1754 562 ,
1781 509 2000 572 Charffmi
2022 516 2065 554 in
2093 512 2243 567 Christo
2272 513 2376 560 Ru}

1580 569 1700 628 ηψπ·
1714 595 1729 618 ,
1756 570 1955 625 Philippi,
1979 572 2094 626 Regis
2111 571 2304 615 Catholici

1633 630 1740 684 apud
1752 633 1969 688 Caesaream
1983 630 2234 687 majestatem

1842 692 2010 732 oratori
2025 717 2040 734 ο

1419 809 2035 864 GREGORtus
2089 812 2456 868 PAPAXV.

1503 927 1660 977 ‚Dileffe
1688 929 1775 971 Fili
1788 957 1804 980 ‚
1830 927 1982 971 Nobilis
2006 930 2072 971 Vir
2085 958 2099 981 ‚
2115 929 2297 990 firlaetene
2316 931 2368 981 ἐς

1632 987 1892 1046 Apostoticam
1903 988 2206 1034 Beneditrianem
2221 1019 2235 1034 .

1519 1103 1645 1153 oeli,
1674 1112 1963 1161 terrarumque
1977 1105 2090 1150 oculi
2118 1103 2158 1148 in
2177 1106 2454 1152 Ratisboncn-

1500 1182 1516 1221 ς
1549 1166 1630 1207 sem
1656 1168 1919 1207 conventum
1954 1163 2136 1209 conversi
2172 1165 2260 1209 sunt
2288 1179 2306 1219 3
2337 1167 2377 1209 in
2401 1181 2454 1211 eo

1411 1238 1518 1267 enim
1534 1223 1763 1267 Catholicae
1783 1224 2011 1281 Religionis
2030 1226 2233 1270 securitas
2249 1255 2264 1277 ,
2298 1228 2339 1268 δι
2363 1227 2453 1271 Ro-

1411 1285 1516 1326 mani
1536 1282 1702 1339 Imperii
1719 1282 1910 1340 Dignitas
1926 1283 2174 1341 disceptabit
2189 1315 2203 1326 .
2235 1284 2304 1331 Pia
2323 1285 2454 1329 Casa·-

1413 1356 1491 1385 reae
1510 1341 1733 1398 Maiestatis
1746 1343 1934 1386 voluntas
1947 1373 1964 1394 ,
1998 1346 2078 1386 Dei
2102 1343 2346 1389 beneficium
2363 1373 2378 1397 ‚
2411 1346 2451 1388 8⁷

1410 1401 1647 1445 orthodoxae
1676 1401 1792 1444 Fidei
1829 1401 2018 1445 columna
2061 1400 2141 1444 effe
2169 1403 2456 1454 existimatum

1410 1460 1724 1504 Catholicorum
1740 1460 1972 1516 Principum
2001 1460 2196 1516 Suffragia
2214 1491 2230 1513 2
2260 1463 2449 1518 Imperi-

1403 1519 1517 1562 toriae
1534 1518 1753 1564 Elefitionis
1779 1518 1981 1574 dignitate
1998 1521 2267 1576 proscriptum
2293 1522 2448 1564 Palati·

1407 1593 1502 1623 num
1527 1580 1735 1634 privatur:
1765 1579 1983 1629 videntur,
2013 1592 2185 1634 quorum
2212 1593 2325 1623 arma
2339 1582 2447 1623 Eum

1406 1639 1460 1680 de
1476 1635 1671 1695 usurpatis
1688 1667 1703 1690 ,
1737 1647 1862 1693 atque
1876 1649 2000 1680 etiam
2019 1639 2137 1682 avitis
2152 1641 2286 1697 regnis
2301 1640 2448 1683 detur-

1407 1698 1578 1740 barunt.
1617 1701 1800 1741 Romana
1815 1697 1993 1742 Ecclefia
2019 1696 2101 1754 jam
2115 1698 2181 1754 spe
2202 1699 2447 1754 magnitudi-

1406 1771 1499 1800 nem
1515 1758 1617 1799 tanti
1634 1756 1766 1811 gaudii
1783 1754 2050 1813 praesumens,
2083 1756 2192 1799 diem
2222 1757 2337 1799 illum
2350 1756 2445 1800 feli-

1404 1815 1598 1859 ciffimum
1614 1815 1815 1872 exspectat
1827 1844 1842 1867 s
1857 1816 1922 1872 qui
1938 1814 2050 1861 tantai
2071 1815 2291 1859 Electionis
2309 1817 2348 1858 vi
2361 1819 2445 1860 Ca-

1402 1877 1559 1919 tholico
1576 1875 1755 1929 Principi
1770 1875 1974 1918 defferens
1988 1904 2003 1926 ‚
2033 1874 2328 1931 consequentes
2343 1886 2439 1919 aeta-

1402 1946 1464 1977 tes
1483 1935 1763 1976 haereticorum
1781 1933 1983 1977 Caesarum
2015 1932 2235 1979 formidine
2259 1935 2436 1978 liberet.

1399 1993 1492 2047 lpse
1518 1993 1785 2034 Exercituum
1819 1995 1930 2034 Deus
1963 1989 2185 2036 clarissimis
2210 1994 2438 2036 Catholicis

1399 2052 1593 2094 Victoriis
1621 2051 1774 2093 animos
1800 2049 1991 2093 fidelibus
2021 2050 2275 2108 Principibus
2296 2053 2436 2102 auxit,

1396 2124 1442 2157 ac
1460 2110 1723 2153 Proditorum
1739 2110 1910 2166 Spiritus
1937 2109 2102 2164 infregit
2122 2137 2135 2160 ,
2166 2121 2210 2152 ut
2227 2122 2348 2154 tantae
2372 2114 2435 2154 rei

1399 2167 1660 2225 perficiendae
1678 2179 1837 2223 tempus
1857 2167 1990 2211 adesse
2005 2168 2345 2225 cognosceremus
2359 2173 2434 2213 .1n

1394 2231 1469 2271 hac
1497 2227 1707 2270 communi
1737 2227 1974 2282 Principum
1993 2227 2309 2271 catholicorum
2335 2242 2435 2272 con-

1394 2286 1640 2342 spiratione,
1671 2288 1708 2327 &
1735 2286 1955 2329 Christiani
1972 2287 2096 2328 Orbis
2122 2286 2217 2343 spe,
2251 2289 2343 2332 Vox
2369 2299 2433 2332 at-

1391 2361 1473 2402 que
1494 2345 1722 2388 authoritas
1749 2345 1988 2390 Nobilitatis
2003 2346 2099 2387 Tuae
2114 2373 2129 2397 ,
2163 2360 2282 2402 quam
2315 2349 2433 2392 Reli-

1392 2406 1521 2462 gionis
1550 2405 1772 2460 praefidium
1803 2402 1881 2447 effe
1911 2405 2091 2460 cupimus
2123 2433 2137 2456 ‚
2169 2408 2296 2452 anxiis
2323 2410 2432 2451 curis

1391 2466 1574 2507 Paternae
1589 2462 1726 2506 nostrae
1743 2464 1962 2507 Charitatis
1977 2462 2130 2506 viscera
2145 2467 2353 2521 complet,
2369 2479 2430 2514 at-

1420 2538 1470 2567 ue
1496 2524 1536 2565 in
1564 2524 1902 2566 obtrectatorum
1938 2536 2060 2565 voces
2090 2523 2262 2569 incurrit
2292 2554 2304 2565 .
2339 2529 2427 2569 Nos

1417 2583 1552 2625 uidem
1580 2582 1755 2625 credere
1790 2597 1870 2624 non
1899 2581 2124 2637 poffumu8‚
2154 2583 2214 2624 Te
2245 2584 2425 2628 Palatini

1386 2641 1618 2698 perduellis
1631 2640 1789 2683 causam
1814 2638 2017 2696 suscipere
2031 2670 2045 2692 ‚
2076 2655 2120 2684 ac
2139 2640 2192 2682 de
2209 2642 2293 2697 ejus
2310 2646 2424 2687 resti-

1385 2702 1548 2744 tutione
1565 2701 1775 2756 cogitare,
1804 2710 1939 2742 tamen
1955 2729 1970 2753 ‚
1997 2700 2089 2755 quia
2106 2710 2203 2742 tunc
2230 2702 2333 2744 serio
2347 2708 2422 2747 tri-

1383 2761 1551 2816 umphat
1571 2760 1766 2815 Princeps
1793 2762 2057 2802 tenebrarum
2074 2788 2089 2810 ,
2115 2773 2206 2800 cum
2225 2762 2420 2807 humana-

1382 2833 1472 2862 rum
1488 2820 1687 2861 virtutum
1701 2819 1860 2861 auxiliis
1877 2818 1923 2862 ad
1938 2818 2161 2874 iniquitatis
2178 2833 2346 2864 conatus
2360 2821 2420 2878 ju·-

1382 2879 1536 2922 vandos
1557 2879 1739 2923 abutitur
1753 2907 1768 2930 ‚
1784 2892 1866 2921 non
1884 2879 2064 2932 possimus
2079 2892 2156 2922 non
2177 2879 2312 2923 vereri
2326 2907 2340 2930 ,
2355 2890 2418 2933 ut,

1379 2938 1488 2993 quod
1505 2938 1543 2979 in
1559 2937 1766 2993 sacrilegis
1785 2936 2015 2981 Desertoris
2047 2937 2154 2978 illius
2178 2941 2296 2979 armis
2313 2952 2417 2994 prae-

1375 2998 1518 3040 sidium
1535 2997 1717 3052 reperire
1734 3010 1813 3038 non
1829 2996 1959 3050 potuit
1973 3024 1987 3046 ‚
2021 2994 2062 3036 id
2075 2995 2195 3037 modo
2218 2997 2240 3039 ὲ
2265 2998 2414 3042 Politi-

1372 3057 1428 3098 cis
1453 3056 1633 3098 humanae
1649 3056 1862 3109 Sapientiae
1889 3052 2062 3096 consiliis
2081 3055 2260 3096 mutuari
2286 3070 2412 3098 cone-

1370 3125 1466 3157 tur.
1499 3117 1640 3172 Qare
1670 3117 1730 3156 Te
1755 3111 1973 3155 Pontificiae
1991 3110 2274 3157 sollicitudinis
2307 3129 2411 3160 voce

1369 3175 1601 3221 hortamur,
1615 3187 1670 3215 ne
1684 3170 1928 3222 committas,
1940 3178 1983 3213 ut
1998 3170 2090 3213 Tibi
2109 3173 2303 3219 Austriaci
2318 3178 2408 3216 No-

1368 3233 1484 3277 minis
1508 3229 1642 3274 hostes
1657 3259 1671 3282 ‚
1701 3231 1741 3271 &
1766 3230 2015 3275 Orthodoxae
2031 3230 2147 3274 Fidei
2163 3232 2405 3278 Desertores

1366 3289 1608 3337 beneficium
1626 3290 1805 3333 debeant
1821 3288 1933 3332 coelo
1949 3287 2142 3341 invisum,
2157 3293 2196 3334 ἂ
2209 3291 2404 3335 Christia-

1363 3365 1421 3393 nae
1435 3350 1686 3405 Reipublicae
1703 3347 1971 3408 perniciosum
1984 3379 1996 3391 .
2029 3350 2178 3404 Cogita
2193 3351 2280 3393 dies
2296 3354 2403 3393 anti-

1358 3411 1519 3466 quos‚&
1532 3423 1654 3453 annos
1671 3419 1842 3452 aeternos
1858 3407 1894 3448 in
1911 3418 2052 3450 mente
2067 3408 2267 3460 habe,non
2287 3411 2400 3454 unius

1359 3467 1520 3512 tantum
1553 3468 1726 3513 utilitati
1753 3466 1918 3510 consule
1943 3468 2069 3509 aetatis
2090 3495 2102 3508 .
2135 3470 2234 3527 Qae
2265 3471 2398 3523 potest

1358 3525 1440 3570 effe
1466 3527 1624 3573 utilitas
1642 3540 1784 3570 eorum
1799 3525 1990 3581 promittis
2014 3527 2297 3576 remunerari,
2328 3531 2398 3585 qui

1357 3588 1541 3634 Domum
1558 3586 1808 3631 Austriaeam
1835 3584 1889 3627 de
1903 3584 2139 3640 Regnorum
2163 3583 2397 3642 poffeffione

1356 3644 1512 3701 ejicere
1532 3643 1776 3695 tentarunt,
1808 3657 1854 3686 sc
1872 3645 2060 3689 Romano
2075 3646 2254 3700 Imperio
2268 3650 2395 3691 ruinae

1354 3703 1586 3760 periculum
1604 3705 1829 3747 struxerunt
1846 3703 1861 3748 ἲ
1886 3702 2010 3764 Qiod
2025 3717 2152 3759 porro
2167 3706 2392 3752 Catholico

1353 3765 1463 3818 Regi
1481 3762 1740 3807 commodum
1757 3772 2065 3816 compararetur
2078 3792 2094 3813 ,
2128 3762 2151 3804 fi
2169 3764 2210 3806 in
2227 3774 2290 3807 tot
2309 3770 2391 3810 Na-

1351 3822 1510 3868 tionum
1534 3821 1677 3868 odium
1700 3830 1919 3869 vocaretur
1941 3819 2118 3878 Hispana
2138 3826 2388 3879 potentia-⁴?

2204 3884 2328 3939 Quod
