2618 4108
741 251 1850 368 ProvinciaAp‘rutina.

237 370 297 421 In
317 363 401 415 situ
422 364 637 416 Ecclesiae*
657 368 715 416 S.·
732 369 887 418 Mariae
906 366 1028 415 vLoci
1057 366 1252 415 Carinia-

258 462 262 468 ·
305 436 353 486 ni
375 452 543 487 novam
565 441 773 487 Fratrum
794 442 995 486 Domum
1022 436 1163 503 erigi,
1182 434 1251 482 di-

257 532 259 534 *
307 504 475 573 &amq3
497 505 760 563 Ecclesiam,
781 504 1111 554 dismembratis
1129 505 1249 570 prius

255 599 257 602 ·
312 576 431 626 illius
468 575 714 627 redditibus
732 573 967 637 &juribus
983 609 1001 632 ,
1036 578 1249 624 Fratrum

254 687 257 690 ,
313 643 412 695 usui
441 646 630 714 relinqui
660 642 864 713 indulget
882 678 895 692 .

248 758 740 826 GREG'o'Rms
788 771 1248 849 erlscorus

428 927 435 933 ,
501 887 876 937 servusiservorum
895 887 998 933 Dei.

416 994 485 1038 Aa
499 1003 732 1060 perpetuam
754 998 813 1039 rei
839 992 1058 1038 memoriam
1072 1021 1084 1035 .

330 1112 444 1154 Acrae
459 1110 679 1166 Religionis
706 1111 928 1162 sinceritas,
954 1111 1088 1166 inqua
1111 1109 1255 1152 Dilecti

343 1169 431 1212 Filii
447 1172 605 1213 Fratres
621 1170 814 1224 Capucini
831 1170 897 1210 sub
914 1169 1148 1210 voluntariae
1163 1181 1255 1220 pau-

244 1228 413 1286 pertatis
433 1228 585 1269 Habitu
603 1226 794 1268 devotum
820 1227 861 1267 δι
890 1225 1068 1271 sedulum
1096 1227 1252 1280 impen-

245 1287 349 1330 dunt
362 1284 533 1327 Domino
561 1284 823 1334 famulatum,
847 1285 886 1325 δι
913 1285 999 1325 vitae
1016 1284 1255 1339 Regularis,

245 1343 318 1388 sub
331 1357 407 1399 qua
419 1341 601 1397 degunt,
629 1342 808 1384 honestas
821 1370 837 1391 ,
868 1344 953 1383 Nos
968 1344 1115 1386 merito
1140 1341 1254 1383 indu·

245 1411 342 1444 cunt
355 1429 371 1451 ,
398 1406 443 1442 ut
455 1411 503 1442 ea
517 1427 531 1450 ,
556 1413 641 1455 quae
661 1401 793 1442 Divini
809 1398 954 1442 Cultus
969 1411 1224 1456 augmentum
1242 1427 1256 1451 ,

242 1461 283 1501 δι
310 1457 532 1512 Religionis
559 1460 884 1514 propagationem
902 1468 1181 1510 concernunt,
1209 1457 1258 1499 il-

243 1517 296 1560 lis
328 1515 506 1572 gratiose
536 1517 806 1559 concedamus
831 1544 845 1566 ,
884 1518 1057 1574 aliasque
1086 1517 1258 1572 desuper

244 1574 496 1629 disponamus
510 1603 526 1624 ‚
544 1584 662 1628 prout
682 1575 943 1628 conspicimus
960 1577 997 1618 in
1015 1576 1186 1618 Domino
1202 1573 1256 1620 saz-

247 1633 422 1685 lubriter
446 1633 638 1686 expedire
654 1660 666 1673 .
701 1632 862 1675 Dudum
886 1632 1255 1688 fiquidemomnia„

245 1688 442 1735 beneficia
464 1689 734 1732 Ecclesiastica
756 1691 857 1745 apud
883 1691 1031 1735 Sedem
1057 1689 1254 1746 Apostoli·

247 1763 335 1792 cam
356 1756 449 1790 tunc
468 1748 647 1790 vacantia
662 1776 677 1799 ,
703 1748 743 1790 &
766 1749 803 1790 in
825 1761 945 1792 antea
960 1761 1147 1793 vacatura
1171 1746 1256 1789 col-

246 1807 420 1854 lationi,
443 1805 481 1845 &
497 1805 739 1861 dispositioni
764 1807 916 1848 Nostrae
944 1806 1257 1851 reservavimus..

244 1865 513 1907 decernentes
536 1877 586 1904 ex
604 1874 697 1905 tunc
713 1864 871 1906 irritum
895 1866 936 1905 &
959 1868 1090 1916 inane,
1107 1864 1131 1905 fi
1152 1863 1258 1911 secus

245 1922 362 1976 super
386 1920 446 1962 his
461 1922 484 1963 a
498 1934 696 1975 quoquam
713 1924 848 1975 quavis
869 1925 1113 1965 authoritate
1134 1920 1259 1962 scien-

244 1988 312 2022 tet
330 1977 395 2019 vel
417 1978 648 2032 ignoranter
664 1981 879 2034 contigerit
901 1981 1092 2023 attentari
1115 2007 1126 2019 .
1156 1979 1258 2021 Cum

245 2038 380 2091 itaque
395 2035 644 2090 postmodum
663 2036 840 2080 Ecclesia
856 2043 895 2081 S.
915 2040 1047 2085 Mariae
1065 2037 1161 2080 Loci
1177 2040 1259 2079 Ca-

245 2095 370 2138 tinani
385 2094 551 2136 Pinnen.
569 2094 763 2138 Dioecesis
778 2125 792 2145 ,
809 2111 878 2146 per
894 2098 1062 2140 liberam
1090 2095 1261 2149 resigna-

245 2153 398 2195 tionem
426 2153 573 2193 Dileffi
602 2154 690 2195 Filii
715 2153 825 2195 Pauli
851 2154 1022 2197 Ghiselli
1042 2153 1262 2197 Familiaris

249 2209 438 2260 ‚continui
453 2209 742 2252 Commens'alis
759 2212 895 2263 nostri,
906 2226 1034 2266 nuper
1053 2213 1166 2266 ipsius
1183 2212 1261 2251 Ec-

251 2265 375 2310 clefiae
393 2267 576 2309 aectoris
589 2293 604 2313 ,
616 2267 668 2308 de
683 2267 777 2316 ilia,
788 2283 906 2324 quam
924 2281 1017 2312 tunc
1031 2268 1260 2317 obtinebat,

250 2326 290 2367 in
307 2323 484 2366 manibus
502 2324 639 2365 nostris
656 2325 794 2375 sponte
818 2325 958 2370 faciam
973 2356 987 2380 ,
1011 2329 1050 2369 &
1078 2341 1148 2380 per
1173 2329 1260 2367 Nos.

248 2378 477 2431 admissam,
502 2381 607 2436 apud
624 2383 767 2425 sedem
782 2384 1170 2427 eandem‘vacaverit
1185 2411 1199 2434 ,
1219 2383 1258 2423 δε

249 2449 371 2482 vacet
395 2438 445 2481 ad
471 2439 636 2493 praesens
657 2468 672 2491 ,
706 2439 913 2497 nullusque
937 2442 989 2486 de
1014 2443 1084 2485 illa
1113 2452 1256 2497 praeter

247 2501 336 2541 Nos
352 2499 425 2540 hac
443 2497 529 2539 vice
545 2497 764 2553 disponere?
779 2502 953 2554 potuerit
967 2529 982 2551 ,
1009 2499 1092 2543 five
1113 2498 1227 2555 poffit
1242 2526 1256 2549 ,

248 2554 551 2606 reservatione,
576 2558 615 2598 &
640 2558 819 2599 Decreto
834 2558 1106 2601 obsistentibus
1130 2557 1256 2611 supra-

249 2612 390 2658 dietis:
418 2614 458 2653 δι
475 2612 566 2655 ficut
583 2614 756 2656 exhibita
775 2617 899 2658 Nobis
916 2631 1038 2671 nuper
1054 2630 1125 2669 pro
1141 2624 1256 2668 parte

252 2669 504 2714 Dilectorum
522 2671 715 2715 Filiorum
733 2675 914 2716 Fratrum
928 2674 1258 2729 Capucinorum„

250 2728 400 2784 petitio
411 2728 683 2779 continebat,fi
701 2730 738 2771 in
754 2730 819 2774 sex
836 2732 995 2774 tumulis
1009 2742 1122 2774 terrae
1136 2728 1184 2771 ad
1201 2726 1262 2768 di-

253 2789 354 2828 ctam
371 2785 588 2828 Ecclefiam
605 2789 898 2842 pertinentibus
913 2817 927 2840 ,
945 2789 1057 2831 &illi
1075 2786 1263 2840 adjacen-

252 2845 359 2886 tibus
375 2856 449 2884 una
465 2845 615 2886 Domus
631 2845 791 2886 Ordinis
814 2850 1002 2889 Fratrum
1020 2847 1258 2887 Minoi-uma

253 2901 556 2957 Capucinorum
571 2903 952 2957 nuncupatorum-ad
970 2903 1045 2946 Dei
1070 2900 1265 2953 Omnipo-

251 2960 374 3001 tentis
388 2957 548 3001 laudem
561 2989 574 3011 ,
601 2960 769 3014 gloriam
785 2990 798 3012 ‚
821 2964 860 3004 &
876 2964 1066 3004 honorem
1081 2985 1095 3007 ,
1122 2958 1182 2999 cui
1200 2956 1263 2998 di-

252 3019 312 3059 &a
329 3015 503 3059 Ecclesia
522 3019 819 3062 concederetur
837 3021 885 3062 ad
909 3022 983 3061 hoc
996 3046 1010 3068 ,
1033 3028 1077 3059 ut
1093 3015 1186 3058 inibi
1200 3011 1261 3060 ese

252 3071 314 3115 set
339 3072 518 3127 semper,
547 3076 614 3131 qui
630 3075 789 3129 Missas,
813 3080 849 3119 &
865 3077 941 3119 alia
962 3075 1102 3118 Divina
1118 3072 1260 3119 Officia

252 3129 510 3182 celebraret,
537 3147 583 3176 ac
606 3135 783 3177 Verbum
815 3138 892 3178 Dei
921 3131 1257 3177 Christifidelibus

250 3187 411 3230 illarum
443 3190 614 3242 partium
646 3193 904 3246 praedicaret,
934 3206 1026 3235 cum
1049 3189 1259 3239 claustro,

250 3246 453 3299 campanis
467 3272 482 3293 ,
509 3249 548 3288 &
562 3248 647 3290 aliis
667 3250 890 3292 necessariis
916 3248 1110 3304 perpetuo
1127 3247 1258 3301 erige-

251 3314 366 3344 retur
382 3331 396 3353 ,
421 3305 752 3349 &institueretur
771 3336 783 3355 ‚
807 3321 856 3349 ox
874 3309 948 3350 hoc
964 3305 1143 3361 profesto
1158 3304 1255 3347 Cul-

249 3371 317 3403 tus
332 3362 499 3405 Divinus
516 3363 554 3404 in
575 3364 678 3405 dista
695 3365 872 3407 Ecclesia
888 3379 963 3406 non
987 3365 1171 3419 exiguum
1196 3362 1255 3404 su-

249 3419 421 3473 sciperet
435 3421 762 3473 incrementum,
793 3423 1036 3478 Religioque
1059 3422 1258 3463 dictorum

250 3479 438 3520 Fratrum
462 3489 748 3534 propagaretur
766 3508 779 3530 ,
795 3495 869 3536 pro
897 3491 1010 3535 parte
1024 3479 1261 3522 diuorum),

251 3538 433 3578 Fratrum
467 3536 720 3581 afferentium
752 3537 898 3580 fruetus
923 3566 938 3588 ‚
968 3537 1150 3580 redditus
1171 3563 1186 3586 ‚
1220 3538 1258 3578 Sc

252 3605 471 3648 proventus
484 3596 595 3638 dietae
613 3597 796 3639 Ecclesiae
811 3625 825 3648 ,
847 3598 886 3637 δι
909 3595 969 3637 illi
990 3595 1119 3638 forsan
1133 3607 1258 3636 anne-

253 3664 393 3693 xorum
413 3653 624 3698 duodecim
642 3660 891 3698 Ducatorum
907 3655 1006 3696 Auri
1020 3654 1071 3696 de
1085 3657 1256 3696 Camera

252 3706 468 3752 secundum
497 3726 747 3756 communem
777 3713 1106 3762 extimationem,
1144 3711 1251 3752 valo-

254 3778 340 3814 rem
355 3781 524 3812 annuum
536 3786 614 3815 non
630 3771 830 3824 excedere
844 3798 858 3823 ,
884 3771 1017 3822 Nobis
1033 3768 1110 3812 fuit
1128 3768 1259 3811 humi-⁴

1311 366 1408 409 liter
1426 367 1719 421 supplicatum,
1730 378 1926 421 quatenus
1942 367 2114 414 Domum
2129 367 2223 408 dien
2238 368 2319 408 Ora

1309 423 1412 466 dinis
1436 425 1476 466 in
1492 425 1660 466 tumulis
1675 425 1844 478 praefatis
1860 426 2018 479 erigere
2030 425 2072 465 &-
2085 424 2288 466 instituere
2300 451 2323 476 ,³

1309 481 1482 538 aliasque
1497 483 1535 523 in
1555 482 1754 536 praemiffis
1770 482 1998 538 opportune
2022 482 2237 537 providere
2261 480 2316 525 de

1310 540 1558 596 benignitate
1573 540 1799 592 Apostolica
1817 540 2074 594 dignaremur
2086 569 2098 582 .
2291 575 2295 578 .
2318 571 2323 577 ,

1367 601 1454 642 Nos
1470 597 1615 651 igitur,
1638 598 1705 650 qui
1719 597 1871 639 dudum
1889 600 1994 639 inter
2010 598 2088 649 alia
2103 598 2316 649 voluimus,

1309 653 1416 709 quod
1431 663 1617 708 petentes
1632 653 1828 696 beneficia
1842 654 2109 698 Ecclefiastica
2122 657 2212 698 aliis
2228 657 2318 698 uni-

1309 712 1371 762 ri,
1396 720 1633 752 tenerentur
1648 712 1874 766 exprimere
1896 724 2033 753 verum
2050 727 2221 755 annuum
2249 727 2319 756 va-

1309 770 1440 811 lorem
1474 766 1690 810 secundum
1720 768 2023 812 extimationem
2062 770 2286 826 predictam
2297 797 2316 819 2

1310 827 1431 870 etiam
1458 823 1643 867 beneficii
1666 853 1680 876 ,
1715 825 1779 867 eui
1806 825 1912 866 aliud
1944 827 2050 867 uniri
2074 839 2283 881 peteretur
2301 855 2322 877 a,

1312 882 1491 939 alioquin
1518 882 1611 924 unio
1627 896 1702 924 non
1719 882 1874 924 valeret
1888 911 1903 932 ,
1929 885 1968 924 &
1985 880 2138 938 semper
2153 885 2192 927 in
2208 882 2321 930 unioss

1248 953 1250 956 ’
1313 943 1429 986 nibus
1445 938 1663 982 commissio
1676 939 1793 982 fieret
1807 939 1856 981 ad
1872 948 2003 994 partes
2016 965 2031 987 2
2053 943 2205 984 vocatis
2221 959 2324 1000 quo·

1311 1014 1401 1050 rum
1412 996 1634 1040 interesset:
1647 998 1809 1053 Quique
1825 997 1945 1040 hodic
1959 998 2091 1040 omnia
2104 1027 2119 1048 ,
2139 1001 2176 1040 &
2194 1001 2325 1057 singu&

1239 1058 1242 1074 ⁷
1313 1059 1352 1102 la
1366 1056 1568 1109 ‚frustum
1591 1057 1799 1106 redditus,
1814 1064 2035 1110 proventus
2050 1082 2064 1106 ,
2094 1054 2178 1110 jura
2203 1083 2217 1105 ,
2246 1061 2320 1101 ob·

1316 1115 1523 1159 ventiones
1537 1141 1553 1163 ‚
1573 1114 1898 1155 &emolumenta
1923 1113 2032 1155 dietae
2056 1113 2243 1157 Ecclesiae
2270 1118 2322 1157 ab

1313 1188 1361 1217 ea
1386 1170 1687 1220 dismembrari‚
1712 1169 1869 1222 dividi,
1891 1171 1931 1212 δι
1949 1169 2142 1226 separari,
2173 1172 2324 1227 illaque

1312 1230 1519 1287 Cappellae
1542 1227 1722 1284 ejusdem
1741 1231 1867 1271 Beatae
1895 1230 2058 1280 Mariae,
2087 1244 2205 1285 quam
2233 1234 2323 1272 Nos

1315 1290 1494 1332 similiter
1509 1286 1630 1330 hodie
1645 1288 1684 1331 in
1701 1286 1836 1341 aliquo
1850 1286 2114 1343 condecenti,
2135 1289 2175 1329 &
2187 1287 2325 1336 eidem

1318 1347 1501 1394 Ecclesiae
1515 1346 1740 1402 propinquo
1755 1371 1769 1394 ‚
1792 1346 1831 1386 δι
1845 1345 1865 1386 ὰ
1883 1345 1980 1387 Loci
2005 1345 2221 1388 Ordinario
2247 1346 2322 1390 sta-

1317 1404 1469 1448 tuendo
1493 1405 1585 1446 loco
1615 1402 1815 1447 ereximus
1830 1431 1845 1454 ,
1873 1402 2092 1457 applicari,
2116 1405 2156 1444 δι
2179 1418 2323 1460 appro-

1317 1463 1439 1521 priari
1465 1461 1724 1504 concessimus
1737 1489 1752 1511 ,
1776 1462 1935 1503 Fratres
1951 1459 2134 1515 praefatos
2150 1489 2164 1512 ,
2188 1476 2234 1505 ac
2250 1475 2323 1504 eo*

1318 1535 1407 1565 rum
1426 1520 1648 1575 quemlibet
1672 1519 1694 1560 a
1718 1515 1917 1572 quibusvis
1941 1520 2323 1562 excommunicatio-

1315 1582 1372 1623 nis
1387 1609 1402 1630 ,
1427 1576 1680 1631 suspenfionis
1706 1577 1782 1617 διε.
1806 1573 2086 1627 absolventes,
2110 1578 2147 1618 ὃς
2170 1576 2325 1620 absolu-

1315 1651 1378 1680 tos
1400 1635 1489 1676 fore
1512 1633 1716 1676 censentes
1731 1660 1745 1684 ,
1776 1632 1999 1690 hujusmodi
2022 1632 2324 1689 supplicationi·-

1315 1698 1389 1739 bus
1402 1692 1582 1736 inclinati
1600 1721 1614 1744 ,
1643 1692 1681 1734 in
1705 1690 1998 1734 dististumulis
2018 1705 2134 1734 unam
2150 1696 2324 1734 Domum

1316 1753 1409 1796 dieti
1423 1749 1588 1793 Ordinis
1601 1747 1786 1793 cum-suis
1800 1748 2067 1798 dormitorio,
2093 1749 2323 1801 refectorio,

1318 1811 1474 1859 hortis,
1499 1808 1746 1857 hortalitiis,
1772 1807 1918 1853 &aliis
1943 1805 2136 1858 officinis,
2169 1810 2208 1850 &
2236 1809 2324 1851 insi-

1318 1869 1458 1925 gnibus
1475 1865 1698 1909 necessariis
1713 1894 1727 1917 ,
1747 1879 1791 1907 ac
1812 1866 1935 1907 solitis
1949 1891 1962 1912 a
1986 1866 2024 1906 δι
2037 1867 2235 1908 consuetis
2250 1881 2323 1922 pro

1318 1941 1399 1968 uno
1413 1924 1649 1968 Guardiano
1661 1952 1675 1975 ,
1689 1925 1724 1965 &
1744 1932 1805 1964 tot
1819 1924 2043 1972 Fratribus,
2055 1935 2151 1978 quot
2167 1925 2263 1966 inibi
2275 1939 2325 1977 eit

1318 1983 1517 2027 consuetis
1529 1977 1794 2035 eleemosynis
1820 1984 1960 2022 vivere
1976 1993 2176 2036 vpoterunt
2186 2011 2201 2034 ,
2214 1986 2321 2037 Apo·

1321 2042 1455 2085 stolica
1477 2040 1748 2085 authoritate,
1773 2050 1918 2082 tenore
1940 2040 2188 2093 praesentium
2203 2068 2218 2092 ,
2248 2041 2326 2083 sine

1320 2099 1488 2155 alicujus
1506 2096 1732 2154 praejudicio
1752 2096 1971 2152 erigimus,
2001 2098 2040 2137 &
2061 2098 2322 2149 instituimus,

1322 2159 1462 2213 illique
1487 2159 1537 2199 sic
1563 2159 1705 2198 ereuae
1726 2156 1762 2195 &
1786 2155 1970 2197 institutae
1995 2155 2213 2199 Ecclesiam
2230 2171 2326 2212 pra:-¹

1319 2217 1464 2259 dietam
1475 2243 1490 2265 ,
1511 2228 1596 2268 quae
1610 2212 1690 2254 fine
1703 2225 1798 2254 cura
1810 2213 1866 2255 est
1880 2241 1893 2263 ,
1919 2212 1999 2253 five
2014 2213 2201 2267 praemiffo
2214 2242 2228 2265 ,
2245 2214 2326 2256 five

1319 2274 1400 2317 alio
1413 2272 1554 2327 quovis
1576 2271 1722 2317 modo,
1748 2279 1888 2312 aut—ex
1913 2270 2079 2312 alterius
2104 2271 2326 2327 cujuscum-

1319 2344 1395 2386 que
1412 2328 1577 2385 persona
1592 2354 1607 2378 ,
1631 2326 1695 2371 seu
1712 2340 1781 2379 per
1795 2326 1958 2370 similem
1974 2326 2326 2381 resignationem...

1319 2389 1412 2430 dieti
1431 2386 1538 2431 Pauli
1551 2411 1566 2432 a
1583 2386 1647 2427 vel
1661 2384 1830 2436 cujusvis
1844 2384 2012 2427 alterius
2027 2386 2161 2429 deilla
2182 2388 2218 2428 in
2238 2389 2322 2428 Ro-

1317 2458 1431 2488 mana
1442 2445 1567 2487 Curia
1582 2469 1597 2491 ,
1613 2441 1676 2483 vel
1694 2452 1806 2483 extra
1821 2455 1907 2482 eam
1921 2467 1935 2489 ,
1951 2443 2072 2483 etiam
2086 2458 2221 2485 coram
2238 2447 2325 2485 No-v

1316 2503 1416 2546 tario
1431 2501 1590 2555 publico
1602 2527 1616 2550 ,
1639 2499 1851 2540 &testibus
1867 2502 2004 2552 sponte
2017 2499 2155 2542 faciam
2175 2513 2321 2551 vacet,

1316 2557 1464 2603 etiamsi
1499 2568 1609 2600 tanto
1632 2567 1815 2611 tempore
1845 2556 2074 2606 vacaverit,
2100 2558 2206 2612 quod
2234 2557 2324 2610 ejus

1317 2617 1513 2668 collatio,
1539 2615 1645 2670 juxta
1670 2613 1945 2657 Lateranenfis
1970 2619 2122 2657 Statura
2149 2617 2314 2658 Concili

1317 2675 1368 2718 ad
1385 2674 1529 2717 sedem
1545 2672 1768 2728 praedictam
1784 2672 1963 2726 legitime
1975 2671 2169 2716 devoluta
2182 2701 2197 2724 ,
2223 2673 2328 2727 ipsa-

1320 2746 1397 2789 que
1426 2730 1600 2773 Ecclesia
1623 2730 1867 2784 dispositioni
1893 2731 2124 2784 Apostolicae
2149 2727 2326 2785 speciali-

1321 2801 1389 2831 ter
1402 2818 1415 2840 ,
1432 2790 1495 2830 vel
1511 2789 1607 2830 alias
1622 2789 1867 2841 generaliter
1881 2788 2076 2832 reservata
2094 2789 2230 2831 existat
2246 2817 2260 2838 ,
2288 2792 2328 2830 δι

1323 2847 1440 2901 super
1456 2860 1502 2888 ea
1518 2846 1622 2888 inter
1635 2845 1787 2900 aliquos
1806 2846 1853 2886 lis
1865 2873 1878 2895 ,
1892 2844 2003 2900 cujus
2016 2845 2153 2888 statum
2169 2845 2327 2901 praesenv

1322 2906 1428 2946 tibus
1454 2903 1589 2946 haberi
1607 2902 1797 2944 volumus
1827 2916 1900 2956 pro
1924 2901 2126 2958 expresso,
2158 2905 2326 2956 pendeat

1326 2960 1495 3006 indecisa
1509 2989 1523 3011 ,
1545 2959 1762 3002 dummodo
1781 2959 1866 3014 ejus
1882 2959 2079 3015 dispositio
2091 2960 2138 3002 ad
2157 2964 2239 3001 Nos
2257 2961 2327 3007 hac

1321 3021 1408 3062 vice
1424 3019 1728 3073 pertineat,cum
1744 3017 1855 3058 dictis
1870 3018 2034 3059 tumulis
2047 3043 2061 3064 a
2083 3032 2128 3059 ac
2143 3017 2261 3059 olivis
2286 3018 2326 3065 in

1320 3077 1396 3120 illis
1418 3076 1675 3118 existentibus
1697 3088 1768 3129 pro
1789 3075 1937 3117 ambitu
1953 3101 1966 3123 ,
1993 3076 2138 3123 horto,
2162 3075 2202 3114 δι
2227 3075 2327 3116 viri-

1315 3134 1428 3178 dario
1440 3133 1548 3176 dictae
1565 3131 1713 3174 Domus
1725 3157 1739 3180 ,
1759 3132 1892 3174 eidem
1912 3133 2056 3172 Domui
2074 3159 2087 3181 ,
2102 3133 2325 3175 authorita-

1316 3202 1357 3236 te
1374 3221 1387 3243 ,
1410 3194 1606 3234 &tenore
1634 3189 1822 3243 praemiffis
1837 3188 2090 3230 concedimus
2107 3189 2146 3229 &
2161 3188 2322 3244 assigna.

1317 3263 1436 3301 mus·,
1468 3249 1521 3291 ita
1540 3249 1644 3303 quod
1663 3247 1781 3289 liceat
1797 3247 1910 3288 diuis
1933 3247 2131 3289 Fratribus
2157 3261 2227 3302 per
2251 3250 2292 3291 se
2308 3269 2324 3298 5

1320 3307 1384 3350 vel
1400 3307 1519 3349 alium
1533 3332 1548 3354 a
1573 3305 1635 3347 seu
1654 3305 1750 3347 alios
1766 3333 1780 3354 ,
1796 3303 1978 3346 Ecclefiae
1992 3305 2031 3345 δι
2047 3306 2320 3350 tumulorum..

1318 3363 1592 3421 praedidbrum
1607 3362 1857 3417 corporalem
1874 3360 2140 3417 possessionem
2158 3367 2320 3419 propria

1317 3422 1558 3466 authoritate
1574 3420 1703 3463 libere
1715 3419 2028 3475 apprehendere.
2045 3422 2324 3465 Decernentes

1318 3478 1527 3535 praesentes
1542 3478 1676 3521 literas
1693 3507 1706 3529 ,
1720 3478 1832 3520 nullo
1851 3491 2021 3534 unquam
2036 3488 2218 3532 tempore
2234 3479 2325 3524 de.-

1319 3537 1612 3591 subreptionis,
1638 3536 1882 3591 obreptionis
1904 3563 1918 3586 ,
1949 3535 2014 3579 seu
2040 3535 2237 3578 nullitatis
2266 3539 2324 3579 vi-

1317 3597 1376 3637 tio
1390 3623 1403 3643 -,
1431 3603 1499 3637 aut
1513 3594 1746 3636 intentionis
1762 3594 1898 3636 nostrat
1911 3621 1925 3645 ,
1950 3595 2014 3637 vel
2041 3595 2227 3650 quopiam
2242 3595 2324 3641 alio

1316 3653 1473 3696 defectu
1491 3680 1505 3702 ,
1533 3653 1651 3694 etiam
1669 3663 1719 3694 ex
1737 3666 1786 3695 eo
1798 3681 1814 3702 ,
1840 3651 1946 3708 quod
1966 3649 2154 3695 interesse
2173 3653 2324 3693 haben-

1311 3722 1373 3753 tes
1391 3738 1405 3762 ,
1427 3711 1490 3752 seu
1507 3709 1803 3767 praetendentes
1816 3738 1830 3761 ,
1846 3711 1975 3753 vocati
1990 3739 2009 3761 ,,
2025 3711 2065 3753 δε
2078 3707 2214 3758 causa,
2231 3722 2323 3763 pro—

1310 3778 1401 3826 pter
1424 3781 1518 3823 quas
1548 3765 1780 3810 emanarunt
1795 3796 1808 3820 ,
1838 3782 1970 3812 coram
2000 3768 2096 3811 Loci
2108 3766 2323 3808 Ordinatio

2161 3836 2261 3865 veri-
