2664 4114
920 262 1564 380 Meffan'enfis.

231 387 290 420 tas
315 376 577 433 proficiscitur
593 407 608 430 ,
637 377 757 423 solida
784 378 1000 438 pietatm&
1022 381 1238 423 constantia

227 436 432 480 retineant
450 464 462 487 ,
493 436 606 480 firma
620 439 768 480 deinde
783 466 797 489 ,
826 449 943 493 quam
955 436 1010 479 de
1025 448 1093 480 tua
1112 441 1239 494 pieta-

229 505 299 546 te,
331 497 367 535 &
392 496 432 536 in
464 498 634 538 eandem
660 498 807 539 Sedem
833 495 1104 551 Apostolicani
1133 495 1241 549 fide,

229 563 350 608 atque
364 557 548 608 ergaNos
559 555 805 598 observantia
818 555 1241 611 concepimus,opinio,

229 616 316 655 Nos
332 612 589 665 inducunt,ut
611 615 697 657 &Te
715 612 754 654 id
767 626 866 654 nune
882 614 1054 655 maxime
1069 614 1243 669 requira—

227 683 313 712 mus
326 699 342 721 ‚
356 684 435 712 non
447 672 566 715 modo
582 701 596 723 ,
612 680 654 713 ut
668 685 742 712 nec
756 670 1009 726 imposterum
1025 672 1214 715 Civitatis
1227 702 1243 722 ,

228 743 275 772 ac
291 729 455 771 Civium
483 725 774 775 Massiliensium
801 743 893 780 res,
924 729 1033 774 terra
1059 730 1240 784 marique

219 789 371 844 quovis
394 797 590 843 praetextu
621 787 774 829 turbari
800 789 964 843 patiaris
990 817 1004 840 ,
1051 788 1238 830 Verum..

228 846 350 888 etiam
371 844 467 887 data
486 859 735 902 quacumque
760 848 966 890 occasione
997 847 1048 888 ita
1072 846 1235 889 illorum

227 902 438 946 commoda
465 903 613 946 tuenda
636 932 650 955 ,
682 906 718 946 &
743 905 922 960 augenda
954 904 1163 960 suscipias,
1191 913 1234 945 ut

225 961 413 1018 praeclara
430 969 501 1004 tua
512 976 557 1005 ea
571 960 623 1004 de
640 975 682 1006 re
696 961 874 1018 promiffa
891 972 1052 1019 optatus
1066 962 1234 1018 ipsarum

222 1033 361 1063 rerum
376 1021 507 1062 exitus
518 1019 786 1076 'consequatur
800 1050 811 1062 .
843 1023 932 1064 Erit
959 1023 1033 1064 hoc
1051 1020 1235 1076 singulari

225 1089 292 1120 tua
319 1079 469 1120 virtute
499 1077 618 1122 valde
642 1078 803 1134 dignum
820 1108 834 1131 ,
854 1082 894 1120 &
916 1093 1055 1122 eorum
1072 1079 1153 1134 ,qui
1175 1080 1235 1120 Te

223 1139 414 1180 Romanae
440 1138 625 1179 Ecclefiae
650 1137 761 1180 causa
785 1138 999 1193 plurimum
1028 1135 1106 1179 esse
1131 1135 1234 1178 affir-

222 1205 351 1241 mant,
360 1193 624 1237 testificationi
638 1196 898 1237 vehementer
909 1197 1232 1238 consentaneum.

221 1256 379 1296 Caetera
392 1265 442 1293 ex
454 1254 597 1294 fratre
616 1253 873 1307 Archangelo
890 1251 1116 1295 Meffanenfi
1129 1280 1143 1301 ,
1156 1256 1232 1295 Or·-

221 1311 323 1354 dinis
340 1312 523 1352 Fratrum
541 1311 835 1365 Capucinorum
859 1314 897 1353 S.
917 1311 1109 1354 Francisci
1123 1342 1138 1363 ,
1162 1313 1236 1355 Vi-

220 1383 268 1411 ro
282 1383 358 1411 non
371 1367 586 1410 mediocris
600 1370 811 1424 probitatis
828 1398 842 1420 ,
860 1383 904 1410 ac
919 1371 1154 1426 prudentiae,
1169 1371 1235 1414 cui

218 1425 333 1470 hasce
352 1427 441 1467 Tibi
466 1427 692 1475 reddendas
713 1427 920 1477 dedimus,
946 1429 1066 1484 plene
1086 1444 1238 1486 cogno-

216 1483 301 1527 sces
316 1513 327 1524 .
350 1483 465 1526 Illius
480 1485 633 1529 interea
650 1488 780 1528 verbis
795 1515 808 1538 ,
822 1500 912 1528 eam
939 1487 1059 1531 fidem
1074 1489 1238 1531 adhibe-

218 1557 264 1586 re
278 1543 428 1599 poteris
442 1573 456 1594 ,
481 1545 595 1599 quam
609 1546 734 1587 Nobis
748 1546 975 1597 adhiberes,
992 1547 1014 1587 fi
1032 1546 1241 1602 praesen-tes

157 1605 160 1607 ’
218 1603 375 1644 Tecum
402 1615 613 1656 ageremus
627 1625 641 1642 ·.
671 1604 794 1661 Qod
812 1603 1240 1658 superest,aetionibus

218 1661 298 1702 tuis
325 1661 378 1701 ita
394 1662 516 1714 profit
534 1664 641 1703 Deus
654 1692 670 1712 ,
701 1673 744 1704 ut
772 1677 838 1704 eas
854 1665 903 1704 ad
917 1664 1085 1705 nominis
1099 1662 1153 1704 sui
1167 1678 1238 1705 au-

220 1717 342 1774 gendi
381 1718 583 1773 gloriam,
612 1722 661 1762 ad
684 1722 904 1764 Catholicae
933 1722 1046 1765 Fidei
1074 1722 1237 1763 conser-

220 1776 427 1818 vationem
441 1778 694 1820 retinendam
709 1809 723 1830 ,
740 1779 788 1820 ad
803 1780 917 1822 Sedis
932 1781 1108 1835 denique
1125 1783 1237 1835 Apo-

218 1833 361 1876 stolicae
387 1835 884 1879 tuendamauttoritatem
928 1838 1103 1893 dirigat,
1149 1840 1189 1879 &
1215 1867 1235 1889 ,

221 1891 416 1947 quidquid
442 1893 606 1947 privatae
631 1902 733 1945 tuae‚
760 1895 980 1949 &publicat
1008 1896 1095 1949 ejus
1113 1923 1128 1946 ,
1148 1910 1233 1951 quae

217 1958 295 1991 tuae
309 1947 402 1991 fidei
426 1963 528 1991 nunc
543 1950 697 1993 credita
713 1952 786 2001 est,
799 1953 963 1994 ditionis
980 1981 995 2004 ,
1022 1956 1061 1995 &
1073 1955 1236 1996 univer-

214 2006 241 2049 fi
267 2006 371 2049 adeo
395 2007 536 2050 Galliae
563 2010 694 2063 Regni
727 2010 861 2053 salutis
900 2011 1006 2054 ratio
1031 2011 1234 2068 exposcit,

217 2063 422 2112 tumulate
435 2065 650 2120 largiatur.

271 2125 422 2164 Datum
452 2126 589 2167 Roma:
620 2126 724 2181 apud
753 2131 938 2172 SanCtum
970 2132 1134 2172 Petrum
1163 2128 1233 2172 sub

213 2182 374 2224 Annulo
389 2182 597 2224 Piscatoris
610 2184 678 2226 die
700 2198 732 2226 ι.
745 2187 899 2242 Aprilis
916 2201 1035 2231 mom
1049 2202 1062 2230 1
1076 2202 1113 2230 1.
1127 2189 1231 2229 Pon.

213 2237 384 2282 tificatfis
405 2240 522 2281 nostri
538 2242 656 2285 Anno
671 2242 913 2288 duodecimo
929 2275 940 2286 .

273 2359 334 2398 Ex
350 2355 500 2412 Regesto
515 2361 610 2400 Aut.
627 2361 809 2402 Brevium
829 2361 883 2402 ad
896 2362 1083 2415 Principes
1111 2375 1150 2403 n.
1165 2373 1235 2412 57..

317 2411 485 2515 ,ζοαίἑθὸς-
500 2416 541 2458 in
556 2417 724 2459 Archivo
747 2421 926 2463 Vaticano
938 2423 1087 2463 Secreto
1112 2419 1233 2477 rastr-

217 2610 330 2623 -
339 2611 386 2623 ιι-
390 2609 649 2626 “--
653 2615 1223 2631 --ι-----ι

481 2710 517 2750 Ε
547 2710 578 2751 P
608 2712 627 2751 I
658 2713 685 2754 S
717 2712 753 2754 Τ
783 2714 826 2754 O
851 2716 884 2756 L
914 2716 951 2756 A

368 2822 413 2872 S.
439 2825 636 2895 Congreg.
670 2829 805 2895 Epist.
833 2832 886 2879 ἴθ’
921 2831 1075 2900 Regul.

214 2949 474 3002 Prosecutio
514 2956 709 3006 Fabricae
739 2976 868 3007 novae
906 2958 1085 3010 Domus
1119 2961 1229 3009 Loci

283 3020 478 3072 Nicofiae
494 3060 510 3082 ,
547 3027 903 3077 contraditfiione
927 3047 1015 3079 non
1034 3029 1231 3079 obstante

285 3092 643 3165 Archiepiscopo
677 3095 941 3148 Messanenfi
981 3101 1231 3174 committi-

285 3171 390 3208 tur·

345 3289 654 3348 Reverendifflme
675 3295 841 3338 Domine
864 3300 925 3341 uti
938 3303 1079 3343 Frater
1092 3327 1103 3339 .

214 3403 544 3514 PRocurator
577 3411 790 3454 Generalis
828 3414 906 3457 ΡΡ.
928 3415 1229 3471 Capucinorum

309 3467 370 3528 ·S.
388 3467 706 3520 Congregationi
733 3470 870 3513 institit
896 3488 970 3529 pro
999 3472 1228 3516 facultate)

213 3516 407 3586 fabricam
421 3525 657 3568 Conventus
668 3557 682 3578 ‚
703 3530 769 3584 qui
783 3530 930 3574 inloco
946 3532 1110 3576 Nicnfiae
1123 3533 1229 3574 istius

214 3579 409 3621 Dioecefis
424 3595 499 3637 pro
518 3583 581 3626 sua
597 3586 798 3641 Religone
811 3589 863 3631 de
875 3603 982 3632 novo
995 3589 1227 3641 aedificatur,

212 3636 505 3692 prosequendi:
533 3643 571 3683 δε
596 3645 814 3689 rationibus
847 3650 870 3692 ὲ
899 3650 977 3690 ΡΡ.
1006 3650 1225 3692 Minoribus

213 3693 265 3735 de
278 3696 538 3760 Qbservantia
556 3701 802 3747 Reformatis
827 3704 866 3747 in
883 3708 1130 3750 contrarium
1154 3705 1227 3748 ad-

212 3750 340 3793 (3ΰᾶῑὸ
365 3781 380 3802 2
421 3759 573 3801 attente
597 3761 770 3815 auditis,
802 3767 922 3807 Sacra
947 3765 1225 3822 Congregatio

212 3810 432 3912 declagzgt
444 3818 602 3916 Juquod
630 3820 777 3865 ditium
804 3837 955 3883 novum
979 3823 1225 3882 aedificium

1300 380 1415 424 nullo
1428 381 1549 424 modo
1564 377 1748 437 impediri
1763 378 1879 436 poffit
1892 407 1907 431 ,
1937 379 2003 424 sed
2021 380 2230 436 provideri
2244 382 2319 423 de-

1301 440 1394 481 beat
1410 469 1425 490 ,
1456 450 1500 483 ut
1526 442 1565 483 in
1588 454 1736 491 muro,
1769 437 1879 495 cujus
1900 439 2137 481 constructio
2160 439 2210 480 ad
2226 453 2320 493 pro-

1302 498 1472 553 spectum
1510 499 1549 541 in
1587 501 1664 540 ΡΡ.
1696 498 2026 541 Reformatorum
2058 500 2319 540 Conventum

1302 556 1603 610 impediendum
1615 556 1695 611 jam
1711 556 1894 598 ordinata
1910 556 1968 598 est
1987 586 2002 607 ,
2025 555 2191 612 podium
2205 585 2219 607 ,
2247 556 2319 600 vel

1304 612 1477 657 fenestrae
1508 627 1591 655 non
1623 614 1829 668 erigantur
1853 643 1868 666 ‚
1905 617 1945 656 δε
1977 624 2144 657 econtra
2179 615 2324 666 taliter,

1302 670 1565 721 conficiatur,
1593 682 1634 711 ut
1663 672 1784 721 vere,
1813 674 1852 712 &
1878 673 2041 717 realiter
2065 672 2321 729 prospeetum

1300 729 1496 783 impediat
1513 758 1523 769 .
1556 727 1704 770 Confifi
1722 729 1973 771 Illustrissimi
1991 730 2152 773 Domini
2166 733 2245 774 mei
2267 731 2324 774 de

1300 787 1507 828 Dominat.
1534 786 1683 828 Vestrae
1706 786 1955 829 dexteritate
1993 791 2032 830 δι
2063 789 2279 844 prudentia
2308 817 2322 841 ,

1297 845 1576 887 executionem
1599 844 1713 900 hujus
1731 845 1895 887 Decreti
1911 845 2056 888 Eidem
2079 848 2320 898 remittunt,

1294 912 1490 958 quatenus
1518 902 1702 954 servato,
1730 903 1797 958 qui
1823 901 1945 945 faetus
1975 905 2032 946 est
2056 931 2070 953 ,
2098 906 2242 949 ordine
2267 906 2322 948 de

1298 975 1415 1003 muro
1442 961 1741 1013 construendO,
1765 962 1856 1008 seu,
1881 961 1941 1003 uti
1968 961 2143 1011 dicium,
2171 963 2320 1020 absque

1297 1021 1450 1074 podio,
1477 1028 1664 1074 apertura
1688 1028 1758 1062 aut
1785 1018 1965 1061 fenestris
1988 1047 2002 1070 ,
2029 1019 2319 1076 adjungendo,

1297 1079 1377 1120 ΡΡ.
1406 1078 1627 1132 Capucinis
1668 1076 1989 1133 prosecutionem
2028 1080 2120 1121 novi
2154 1079 2320 1123 illorum

1297 1134 1451 1178 aedificii
1471 1137 1711 1191 permittat,
1734 1132 1888 1178 semoto
1913 1149 2154 1191 quocunque
2169 1167 2182 1188 ,
2209 1138 2322 1193 quod

1291 1192 1422 1296 forssin
1437 1195 1585 1250 opponi
1599 1192 2053 1251 poffet,impedimcnto.
2065 1197 2120 1238 Et
2131 1199 2324 1247 Deussoeg

1367 1251 1369 1253 ’
1396 1266 1493 1294 omae
1506 1266 1573 1309 29.
1593 1252 1724 1309 April.
1749 1253 1869 1296 1606.

1357 1373 1416 1413 Ex
1446 1369 1601 1426 Regesto
1630 1370 1871 1426 autographo
1912 1374 2053 1412 Secrct.
2092 1374 2321 1428 Congregat·

1413 1429 1543 1487 mensis
1563 1428 1612 1477 θ’
1630 1433 1726 1472 anni
1741 1427 2023 1484 prr-edmerum
2043 1426 2123 1485 fol.
2135 1442 2204 1482 41.

1532 1566 1854 1582 ———-
1857 1566 2086 1578 ——
2089 1564 2203 1578 —
2207 1567 2324 1582 —

1296 1660 1541 1713 Ecclesiam
1572 1666 1620 1713 S.
1636 1666 1797 1714 Mariae
1811 1663 2138 1712 Annuntiatellae
2156 1682 2325 1714 nuncu-

1365 1748 1524 1800 patam·
1550 1751 1656 1783 cum
1693 1733 1927 1785 viridario
1945 1768 1962 1791 ,
1995 1732 2201 1784 Cisterna
2228 1733 2319 1785 ἃς.

1367 1820 1452 1872 pro
1480 1802 1736 1854 Infirmaria
1763 1806 1808 1852 in
1823 1805 2030 1855 Civitate
2054 1803 2324 1854 Meffanenfi

1365 1872 1661 1924 construenda
1679 1876 1861 1925 alienari
1878 1910 1897 1933 ,
1922 1873 1971 1925 ὅ(
1994 1875 2232 1925 Fratribus
2247 1876 2324 1925 do-

1364 1945 1461 1992 nari
1489 1943 1635 2015 signat
1651 1982 1664 1994 .

1553 2073 2068 2127 MssssANr-N..

1362 2188 1899 2261 BEATISSIME
1951 2188 2249 2242 PATER.

1410 2309 1447 2350 U
1466 2310 1507 2349 M
1537 2310 1729 2350 Devotus
1753 2308 1898 2351 Vester
1926 2309 2116 2352 Salvator
2142 2308 2180 2350 la
2194 2306 2318 2349 Celsa

1427 2367 1578 2408 Rthor
1595 2366 1674 2408 {ine
1690 2380 1785 2409 cura
1810 2366 1996 2410 Ecclesia:
2021 2368 2166 2410 Sanc‘tae
2182 2366 2321 2409 Mariae

1290 2423 1391 2463 della
1411 2424 1663 2465 Nuntiata-lla
1688 2434 1924 2479 nuncupatae
1942 2452 1956 2474 ,
1974 2422 2192 2466 Meffanen.
2222 2437 2320 2466 con-

1291 2479 1466 2522 siderans
1485 2483 1671 2523 Devotos
1703 2483 1925 2524 Sanctitatis
1942 2483 2100 2535 ,Vestrae
2124 2484 2325 2524 Oratores

1295 2540 1568 2581 Guardianum
1605 2543 1642 2581 δε
1680 2542 1843 2584 Fratres
1882 2539 2038 2584 Domus
2068 2540 2325 2582 Sanniffimae

1295 2598 1511 2639 Trinitatis
1535 2598 1700 2640 Ordinis
1717 2601 1901 2642 Fratrum
1917 2600 2124 2641 Minorum
2145 2597 2326 2653 Capuci-

1294 2669 1438 2697 norum
1467 2665 1788 2713 nuncupatorum
1815 2668 1930 2701 extra
1948 2671 2087 2699 muros
2101 2655 2323 2699 Meffanen.

1294 2715 1348 2756 ob
1374 2729 1513 2758 eorum
1541 2716 1628 2757 vitae
1654 2717 1948 2770 asperitatem,
1972 2718 2010 2757 &
2026 2713 2129 2758 a‘e‘ris
2144 2714 2254 2767 loci,
2282 2715 2322 2757 in

1294 2787 1374 2828 quo
1402 2772 1505 2816 dicta
1522 2776 1674 2815 Domus
1699 2774 1768 2817 fita
1792 2775 1848 2816 est
1866 2804 1879 2826 ,
1904 2774 2219 2830 intemperiem,
2247 2775 2322 2815 in..-

1293 2830 1469 2872 diversas
1493 2830 1746 2875 infirmitates
1777 2833 2013 2887 frequenter
2040 2830 2252 2883 incidere,
2284 2833 2323 2872 &

1291 2889 1345 2931 ob
1372 2888 1550 2944 ejusdem
1576 2889 1727 2932 Domus
1752 2892 1776 2933 a
1801 2891 1985 2934 Civitate
2002 2888 2232 2934 Meffanenfi
2259 2889 2322 2931 di-

1288 2948 1467 2989 stantiam
1493 2947 1653 2991 difficile
1680 2949 1701 2990 εἰ
1721 2949 1889 2991 Medicis
1907 2950 2053 2991 visitari
2069 2978 2082 2999 ,
2109 2947 2244 3002 eisque
2268 2947 2322 2988 de

1290 3005 1480 3048 remediis
1515 3021 1588 3062 pro
1629 3021 1768 3049 eorum
1806 3007 2102 3050 infirmitatibus
2132 3004 2319 3046 curandis

1289 3061 1514 3107 necessariis
1546 3065 1753 3120 provideri
1785 3063 1925 3119 posse,
1950 3065 2095 3110 dietam
2123 3063 2225 3104 vero
2243 3064 2320 3103 Ec-

1291 3121 1453 3164 clefiam
1466 3126 1506 3166 S.
1523 3124 1658 3167 Mariae
1672 3124 1711 3164 in
1725 3121 1886 3177 praefata
1902 3123 2084 3164 Civitate
2100 3134 2216 3162 unam
2233 3122 2319 3162 Do-

1290 3195 1399 3223 mum
1416 3195 1509 3223 cum
1524 3180 1717 3224 viridario
1732 3181 1994 3231 &cmm-na,
2015 3177 2179 3233 aliisque
2196 3192 2317 3220 mem·-

1293 3239 1371 3282 bris
1396 3241 1433 3280 &
1465 3239 1715 3294 pertinentiis
1742 3238 1878 3279 eidem
1905 3237 2092 3279 Ecclefiae
2117 3239 2155 3278 S.
2181 3238 2316 3279 Mariae

1292 3298 1524 3351 contiguam
1543 3326 1557 3348 ,
1585 3297 1652 3338 seu
1668 3296 1916 3337 convicinam
1932 3323 1947 3345 ,
1972 3310 2017 3339 ac
2044 3297 2082 3338 in
2097 3294 2190 3338 loco
2208 3293 2315 3337 salu-

1290 3356 1381 3407 bri,
1404 3357 1442 3395 δι
1462 3355 1512 3396 ad
1538 3369 1654 3397 unam
1683 3353 1945 3396 lufirmariam
1968 3368 2043 3406 pro
2067 3352 2165 3404 usu,
2187 3368 2314 3404 cura,

1290 3416 1328 3456 &
1354 3413 1551 3469 gubernio
1580 3415 1767 3455 Fratrum
1793 3413 2032 3467 primodidtae
2063 3410 2214 3455 Domus
2237 3427 2310 3468 pro

1292 3482 1477 3526 tempore
1507 3470 1757 3513 infirmorum
1786 3470 2079 3514 conficiendam
2095 3472 2313 3514 commodo

1289 3529 1400 3572 fitam
1428 3531 1576 3572 habere
1608 3531 1645 3570 δν
1677 3528 1872 3584 poffidere
1897 3559 1908 3571 .
1940 3531 2164 3587 Propterea
2193 3532 2234 3571 &
2260 3544 2311 3573 ex

1288 3589 1412 3630 certis
1440 3587 1529 3630 aliis
1558 3586 1685 3628 caulis
1706 3588 1882 3630 animum
1910 3586 2018 3630 suum
2049 3589 2309 3631 moventibus

1287 3646 1471 3693 eamdem
1487 3644 1708 3688 Ecclefiam
1736 3649 1777 3704 8⁴.
1791 3646 1926 3688 Mariae
1943 3677 1962 3698 ³.
1983 3661 2066 3704 quae
2079 3647 2310 3701 deJurepa-

1288 3703 1693 3749 tronatfisLaicorum
1709 3718 1760 3748 ex
1773 3703 2008 3749 fundatione
2029 3707 2095 3749 seu
2118 3706 2308 3747 dotatio-

1285 3778 1334 3806 ne
1349 3764 1479 3807 existit
1496 3792 1511 3814 ,
1536 3763 1706 3818 &quam
1733 3762 1812 3820 ipse
1825 3764 2012 3807 Salvator
2027 3774 2124 3806 tunc
2141 3763 2307 3805 obtine-

1284 3823 1352 3866 bat
1368 3832 1511 3874 ‚extra
1525 3823 1749 3923 RomanZam
1774 3823 1941 3865 Curiam
1969 3837 2102 3866 coram
2133 3821 2305 3920 Nat-ario

2114 3892 2163 3933 pu
2211 3893 2245 3919 ι.
