2716 4082
812 250 1787 351 ISAGOGESss
2090 274 2312 354 xxvii

260 370 341 433 Et
377 363 563 442 ideo}
603 368 646 436 fi
681 369 734 431 S.
770 368 1197 457 Congregatio
1229 371 1412 438 semel
1447 377 1680 466 aliquid
1723 377 1988 470 positive
2033 383 2363 460 definivit,

259 459 326 523 in
373 456 580 527 similis
627 463 799 528 casus
842 460 1084 524 recursu
1112 510 1130 536 ‚
1176 461 1400 554 absque
1447 491 1613 534 nova
1653 475 1917 537 materiae
1965 473 2365 551 discuffione,

258 552 572 643 perpenfis
599 571 807 618 tamen
837 550 979 618 facti
1011 554 1504 635 circumstantii8‚
1543 557 1812 629 rescribit
1857 565 1994 649 (uti
2031 565 2091 628 &
2127 570 2206 631 de
2241 571 2362 634 Re-

257 643 366 709 scri
372 646 496 734 ptis
534 647 770 712 dictum
807 645 944 733 est)
994 644 1195 713 Detur
1236 647 1567 716 Decretum
1604 652 1801 720 latum
1851 656 1947 722 die
1995 705 2362 724 .......

255 738 327 803 in
364 737 562 828 Causa
599 737 675 803 Ν.
712 735 789 801 Ν.

436 834 823 898 Venerantur
841 831 941 895 illa
958 880 976 907 ,
995 846 1287 920 tanquam
1305 833 1503 920 Leges
1520 880 1538 907 ,
1557 833 1908 901 Tribunalia
1937 843 2221 909 Romana
2241 893 2257 920 ,
2297 844 2360 909 81

256 938 611 989 reverenter
648 945 720 987 ea
755 924 931 988 Sacra
967 925 1129 989 Rota
1161 924 1383 1021 recipit
1405 971 1422 998 ,
1462 945 1646 1015 prout
1683 929 1996 996 multoties
2031 932 2106 996 ab
2143 958 2214 1000 ea
2245 934 2361 1001 fuit

255 1016 629 1082 declaratum
652 1064 667 1091 ,
707 1012 1026 1106 presertim
1059 1038 1268 1082 coram
1304 1015 1609 1084 Mantica
1638 1016 1837 1105 Decffi
1856 1030 1950 1099 56.
1983 1047 2040 1087 n.
2063 1047 2118 1104 3.
2152 1048 2364 1091 coram

256 1106 474 1175 Caval.
509 1107 650 1175 Dec.
686 1116 831 1175 628.
866 1131 924 1172 n.
963 1114 1016 1172 8.
1056 1130 1265 1173 coram
1298 1107 1570 1176 Buratto
1608 1106 1751 1176 Dec.
1784 1134 1934 1197 479.
1967 1136 2175 1181 coram
2214 1116 2362 1183 Mo-

257 1202 411 1267 lines
445 1200 589 1266 Dec.
619 1222 773 1282 440.
801 1223 859 1264 n.
891 1221 985 1282 13.
1016 1215 1161 1265 tom.
1185 1222 1239 1263 2.
1274 1223 1454 1276 nam,
1492 1200 1536 1266 fi
1579 1202 1717 1287 (uti
1739 1206 2107 1292 Pignatellus
2139 1224 2281 1273 tom.
2302 1232 2365 1290 4.

255 1290 513 1380 Consttlt.
551 1315 688 1378 1-29.
731 1318 788 1360 n.
827 1314 920 1359 10.
933 1294 1053 1379 fol.
1089 1293 1244 1358 mihi
1282 1313 1425 1378 194.
1455 1293 1784 1385 discurrit)
1821 1296 2076 1363 consilio
2113 1299 2360 1384 alicujus

250 1387 549 1451 Doctoris
578 1386 877 1471 judicium
915 1383 1190 1450 nostrum
1236 1384 1688 1453 conformemus
1715 1438 1733 1464 ,
1775 1394 2010 1478 quanta
2044 1392 2250 1479 magis
2284 1391 2358 1457 il-

252 1479 362 1544 lud
390 1479 782 1545 accomodare
818 1478 1094 1545 debemus
1127 1474 1415 1545 docSZrinoe
1464 1477 1543 1548 δέ)
1565 1482 1895 1567 sapientia
1935 1499 2026 1549 tor
2060 1483 2359 1549 Eminen-

249 1569 606 1656 tg'ffi'morum
641 1573 912 1639 Patrum
942 1620 960 1647 ,
1008 1573 1116 1660 qui
1139 1572 1395 1656 sttmma
1447 1593 1582 1635 cum
1630 1578 2003 1640 maturitate
2040 1579 2111 1641 in
2148 1577 2318 1640 rebus
2342 1624 2360 1652 ,

252 1668 323 1730 in
361 1666 574 1753 quibus
611 1665 881 1752 quotidie>
916 1666 1282 1749 versantur,
1315 1661 1387 1725 de
1432 1664 1613 1728 aiunt
1633 1712 1647 1727 .
1692 1668 1770 1731 Et
1803 1667 1868 1731 in
1905 1664 2104 1756 specie
2136 1668 2365 1735 Decre-

250 1773 313 1821 ta
347 1760 471 1823 Sac.
506 1757 1029 1845 Congregationis
1066 1755 1344 1820 Concilii
1381 1756 1514 1824 vim
1551 1758 1705 1852 legis
1743 1755 1968 1828 habere
2001 1761 2185 1824 docet
2223 1783 2363 1826 cum

256 1849 388 1914 aliis
425 1849 768 1935 Fagnanus
801 1850 873 1914 in
909 1865 1033 1935 cap.
1068 1851 1363 1935 quoniam
1400 1873 1460 1914 n.
1486 1854 1543 1913 8.
1574 1850 1644 1916 de
1678 1848 1920 1936 Consta.
1954 1869 2097 1918 tom.
2131 1874 2177 1917 1.
2218 1875 2364 1919 cum

251 1941 423 2005 enim
461 1940 590 2005 haec
626 1943 752 2005 SaC.
775 1942 1205 2029 Congregatio
1242 1942 1510 2008 declaret
1546 1944 1821 2007 Concilii
1841 1946 2194 2015 Tridentini
2233 1945 2362 2010 sen-

250 2031 413 2111 sum,
451 2057 683 2099 novam
710 2034 910 2125 legem
946 2057 1078 2099 non
1113 2032 1260 2102 facit
1286 2085 1303 2112 ,
1351 2032 1454 2101 sed
1501 2037 1812 2128 antiquam
1851 2038 2088 2114 firmat,
2125 2040 2181 2103 8<
2217 2038 2364 2102 ideo

250 2127 582 2193 declaratio
604 2126 963 2213 hujusmodi
991 2145 1228 2195 mutuat
1258 2129 1420 2195 stiam
1453 2130 1582 2195 vim
1613 2129 1693 2194 ab
1723 2128 1861 2221 ipso
1889 2132 2197 2198 declarato
2218 2179 2234 2206 ,
2275 2132 2364 2196 uti

252 2218 533 2309 expresse
571 2222 755 2286 tradit
788 2223 1001 2286 Paulus
1032 2223 1114 2287 de
1147 2222 1364 2288 Castro
1400 2223 1553 2308 confi
1571 2245 1600 2302 3
1618 2247 1719 2308 39.
1751 2224 1853 2289 col.
1875 2242 2011 2310 pen.
2042 2248 2101 2289 n.
2131 2242 2180 2303 ς.
2212 2221 2368 2307 vers?

256 2315 560 2401 quaritur
592 2315 628 2379 l.
662 2335 710 2377 1.
745 2313 996 2379 dicens:
1045 2318 1178 2382 vim
1212 2336 1486 2391 omnem,
1511 2337 1643 2402 qua:
1679 2315 1830 2403 inest
1864 2314 2234 2403 dg'lpqsitioni
2269 2315 2365 2380 de-

255 2406 510 2475 clarata
527 2456 545 2482 ,
581 2407 811 2492 censeri
843 2410 1038 2473 etiam
1073 2406 1252 2498 inoffi
1285 2408 1451 2474 illi-us
1484 2406 1930 2481 declarationi,
1976 2409 2122 2498 quia
2162 2408 2362 2471 decla-

251 2501 407 2564 ratio
454 2498 879 2565 retrotrahitur
924 2501 1004 2565 ad
1051 2501 1431 2592 principium
1468 2499 1635 2564 actus
1678 2499 2015 2572 declarati,
2061 2498 2148 2560 uti
2193 2506 2365 2568 tenet

252 2593 426 2658 idem
459 2597 783 2682 Fagnanus
814 2614 859 2657 c.
882 2590 1048 2681 quod
1076 2593 1118 2654 a
1155 2594 1327 2657 nobis
1361 2617 1418 2658 n.
1443 2613 1542 2655 20.
1576 2592 1649 2657 de
1678 2590 1871 2656 cland-
1905 2589 2158 2676 dql'pons
2175 2588 2238 2674 fl
2263 2609 2361 2674 29.

257 2687 366 2776 qui
406 2685 465 2749 81
502 2687 719 2750 decem
746 2682 1040 2772 legalibus
1073 2687 1446 2772 argumentis
1481 2682 1644 2748 hanc
1679 2687 2084 2748 Decretorum
2122 2681 2253 2750 vim
2290 2684 2364 2745 in

257 2775 397 2845 dia.
428 2798 550 2866 cap.
572 2781 866 2866 quoniam
895 2778 997 2842 loc.
1021 2780 1120 2842 cir.
1159 2777 1535 2841 demonstrat
1556 2825 1574 2851 ,
1610 2796 1797 2863 quem
1831 2775 1888 2838 8<
1923 2771 2186 2863 sequitur
2218 2793 2365 2836 cum

257 2871 392 2936 aliis
428 2868 765 2937 Clericatus
803 2868 873 2933 de
913 2868 1240 2954 Beneficiis
1272 2867 1538 2952 Dg'fiv‘rd.
1576 2889 1674 2952 29.
1714 2889 1772 2929 n.
1811 2887 1911 2945 34.
1928 2864 2045 2953 fol.
2068 2863 2220 2929 mihi
2261 2869 2360 2927 80.

252 2964 444 3055 idque
473 2963 552 3028 ad
581 2965 786 3027 Sacras
804 2960 1340 3049 Congregationes
1370 2955 1563 3048 Episc.
1587 2958 1645 3020 &
1678 2957 2069 3042 Regularium
2100 2956 2159 3018 &
2194 2955 2363 3033 illam
2469 3005 2473 3008 .

254 3057 335 3121 de
371 3057 565 3120 Sacris
586 3055 825 3121 Ritibus
845 3101 862 3127 ‚
898 3068 1113 3117 contra
1147 3051 1459 3115 Doctores·
1488 3049 1740 3136 ampliat
1777 3094 1793 3121 ,
1832 3048 1939 3134 qui
1974 3047 2227 3135 quidem
2260 3044 2366 3106 ha-

257 3171 395 3214 r-um
437 3147 1013 3235 Congregationum
1043 3146 1303 3208 Decreta
1334 3190 1352 3216 ‚
1399 3164 1514 3206 ceu
1556 3139 1778 3205 foetum
1807 3138 2116 3200 Doctrina:
2151 3132 2367 3221 agnos:

260 3258 441 3314 cunt,
475 3262 668 3329 eaque
699 3235 1093 3305 Dodrinalia
1124 3249 1483 3321 nuncupant
1505 3282 1521 3309 ,
1557 3233 1632 3296 iis
1666 3249 1873 3295 tamen
1908 3229 2038 3293 vim
2076 3227 2228 3312 legis
2261 3227 2368 3290 de-

259 3349 494 3421 negant·
523 3381 542 3407 ‚
587 3335 659 3395 ea
705 3328 1090 3418 potiffimum
1118 3328 1284 3393 duffi
1319 3326 1590 3398 ratione,
1628 3322 1799 3411 quod
1830 3341 1901 3383 ea
1934 3341 2050 3382 nec
2086 3318 2366 3403 legitime

261 3426 687 3517 promulgata,
726 3445 843 3487 nec
883 3420 1208 3510 Episcopis
1247 3442 1367 3508 pro
1402 3413 1897 3503 promulgatione
1935 3409 2159 3473 fuerint
2198 3432 2366 3473 com·-

265 3520 570 3585 municata
600 3566 617 3593 ‚
664 3528 764 3580 aut
793 3561 811 3589 ,
859 3514 1030 3604 quod
1066 3513 1274 3603 saepius
1312 3507 1448 3598 ipsae
1502 3511 1688 3571 Sacra:
1724 3501 2255 3592 Congregationes
2288 3499 2367 3564 ab

263 3612 340 3675 iis
360 3613 649 3677 recedant
669 3656 686 3683 ,
726 3610 784 3673 8<
804 3629 873 3670 ea
891 3619 1224 3670 revocent:
1265 3625 1339 3666 ex
1373 3622 1500 3690 quo
1529 3598 1730 3685 capite
1764 3618 1887 3661 van
1908 3594 2110 3684 Espen
2149 3606 2289 3657 tom.
2321 3612 2368 3652 1.

246 3703 294 3783 J
297 3707 433 3769 uris
456 3700 778 3790 Ecclcgsc'asl.
798 3714 965 3786 part.
988 3720 1054 3789 1.
1081 3700 1179 3764 tit.
1208 3718 1299 3762 xx.
1333 3711 1457 3778 cap.
1492 3712 1542 3772 5.
1568 3712 1732 3753 nam.
1762 3709 1857 3776 17.
1878 3685 1995 3772 fol.
2029 3683 2184 3750 mihi
2228 3703 2364 3839 1l4o.

1558 3803 1593 3847 e
1643 3803 1677 3846 2
2179 3794 2238 3839 co
2263 3819 2276 3833 .
