2618 4108
819 244 1632 364 Monferrapenfis.

155 364 323 409 ilianum
336 364 378 407 in
396 363 590 409 Comitiis
602 365 890 422 Imperatoriis
905 367 1192 408 haereticorum

158 425 398 469 Elestorum
440 427 609 469 audacia
653 425 917 468 continenter
957 434 1147 467 exterret
1179 453 1191 465 .

158 485 283 543 Qod
300 484 527 540 periculum
541 486 645 528 adeo
659 483 924 528 metuendum
938 482 996 526 est
1011 511 1026 534 ‚
1055 484 1203 527 Vene·.

162 544 305 587 rabilis
319 545 466 587 Frater
478 570 495 594 ‚
519 554 562 585 ut
581 544 621 586 id
637 552 758 586 taotae
767 542 903 597 gloriae
921 556 967 584 ac
987 538 1192 586 felicitatis

163 604 362 646 mercede
378 601 627 646 subeundum
638 616 720 645 non
739 600 812 644 iit.
847 604 1056 657 Praecepta
1071 602 1196 645 Chri-

165 661 241 711 fii,
266 663 309 704 δι
329 662 441 705 Coeli
464 662 637 718 proemia
653 661 694 703 in
716 659 926 703 confilium
949 660 1127 712 adhibe,
1157 661 1199 701 &

166 734 251 765 non
266 721 473 764 dubitabis
490 721 612 763 vitam
634 716 759 774 ipsam
774 746 789 771 ,
816 720 968 763 nedum
991 733 1089 774 opes
1113 733 1200 760 om-

165 793 254 830 nes,
266 794 341 836 pro
355 779 582 836 Religionis
599 782 893 833 propagatione
916 776 1056 834 pacisci
1073 805 1088 820 .
1120 779 1199 822 ln.»

171 840 246 889 hac
262 839 465 882 sententia
477 835 556 881 effe
569 835 736 893 quidem
750 839 982 893 accepimus
1000 836 1208 879 Fraterni.

173 907 306 941 tatem
323 899 482 949 Tuam,
506 906 643 939 tamen
672 896 763 940 Tibi
786 897 937 940 iterum
963 894 1205 939 sollicitudi-

175 971 272 1001 nem
284 956 460 1006 nostram
474 954 735 999 declarantes
751 956 936 1000 volumus
952 984 967 1008 ,
985 965 1031 999 ut
1048 952 1208 1010 postha-

175 1015 273 1060 bitis
298 1015 486 1059 omnibus
511 1014 602 1058 aliis
626 1014 851 1059 rationibus
866 1044 882 1068 ‚
913 1013 1210 1072 periculorum·

176 1088 258 1131 que
272 1074 390 1117 minis
407 1073 601 1129 neglectis
626 1073 666 1116 in
680 1081 732 1118 eo
749 1075 1000 1118 Germanicae
1025 1071 1211 1115 Nationis

179 1133 368 1178 Confilio
393 1132 702 1176 Sententiarum
726 1131 991 1183 marmoris,
1015 1130 1212 1173 haereticae

177 1190 357 1248 perfidia
373 1203 510 1236 terror
527 1219 540 1243 ,
569 1193 606 1234 &
626 1191 797 1246 publicae
824 1189 1115 1235 incolumitatis
1139 1187 1215 1231 sta-

178 1251 440 1294 bilimentum
464 1249 661 1294 habeatur
675 1277 687 1290 ·
719 1247 924 1293 Different
957 1250 1114 1291 Tecum
1141 1254 1214 1290 ned

178 1311 340 1366 gotium
365 1309 443 1353 hoc
461 1306 733 1365 gravissimum
747 1333 763 1357 ‚
777 1307 966 1352 mandato
980 1306 1214 1358 nostro‚Ve·

178 1367 377 1412 nerabilis
410 1369 558 1410 Frater
571 1366 748 1410 Carolus
763 1395 779 1419 ,
796 1366 1015 1423 Episcopus
1043 1363 1215 1408 Aversa.

178 1440 255 1473 nus
267 1452 282 1475 ‚
311 1426 486 1469 Nuntius
508 1424 761 1480 Apostolicus
774 1451 788 1475 ‚
810 1427 851 1468 &
869 1424 1050 1468 Dileeius
1065 1423 1188 1467 Filius
1202 1449 1218 1474 2

178 1487 250 1530 Fr.
268 1484 528 1539 Hyacinthus
542 1482 1019 1540 Casalenfis,Capucinus
1034 1512 1048 1536 ‚
1075 1483 1218 1539 quibus

179 1541 398 1589 Pontificia
412 1542 560 1585 auxilia
573 1541 868 1598 pollicentibus
882 1542 1057 1586 eandem
1071 1572 1086 1594 ,
1100 1556 1218 1598 quam

180 1602 343 1653 Nobis,
355 1599 482 1645 fidem
500 1602 653 1644 babere
669 1602 821 1657 poterit
846 1602 1098 1644 Fraternitas
1115 1603 1220 1652 Tua,

183 1662 249 1705 cui
278 1660 559 1717 Apostolicam
593 1661 925 1703 Benedictionem
959 1670 1220 1716 peramanter

188 1720 451 1777 impartimur
467 1747 480 1760 .
504 1722 655 1766 Datum
683 1722 823 1763 Romae
847 1718 954 1775 apud
984 1721 1027 1762 S.
1051 1721 1218 1763 Petrum

191 1778 263 1823 sub
276 1777 600 1823 AnnuloPiscat.
612 1777 681 1822 die
695 1778 1217 1824 xxir.Deccmb.M0cxxu.

244 1900 307 1942 Ex
337 1897 510 1942 Arcbho
534 1899 687 1940 secreto
721 1900 902 1942 Vaticano
917 1927 929 1941 .

446 2132 626 2184 Eodem
657 2148 932 2206 argumento
945 2170 961 2186 .

189 2251 230 2295 A
244 2256 392 2306 tergo:
430 2247 517 2293 νου.
531 2254 705 2303 Fratri,
722 2253 971 2296 ferdinando
985 2249 1227 2311 ‚Arebe‘epist

247 2317 339 2365 copo
354 2308 589 2369 Coloniensi,
605 2314 647 2353 S.
662 2313 711 2357 R.
727 2313 763 2354 1.
789 2312 966 2368 Principi
986 2311 1168 2356 menori.

192 2429 777 2484 GREGORIUS
825 2432 1028 2481 PAPA
1100 2431 1229 2479 XV.

257 2544 494 2593 Venerabilis
512 2549 661 2591 Frater
663 2547 842 2602 salutem
857 2547 907 2596 δ’
919 2546 1173 2606 Apostolum

550 2606 853 2650 Beni-diffisum
869 2635 883 2648 .

299 2725 464 2784 Xcipiet
479 2723 787 2768 Ratisbonenfis
802 2728 1042 2770 Conventus
1062 2720 1234 2769 Pontifi-

319 2785 402 2830 cias
416 2784 698 2827 sollicitudinis
717 2797 858 2835 voces,
873 2787 1100 2827 Germanos
1117 2783 1235 2825 Prin-

195 2845 308 2897 cipes
323 2844 372 2886 ad
391 2843 620 2899 Religionis
633 2843 754 2886 decus
771 2842 969 2886 tuendum
985 2844 1238 2885 inflamman-

196 2911 263 2944 tes
281 2916 293 2943 ε
313 2916 520 2959 nunquam
536 2903 644 2945 enim
660 2929 673 2953 ‚
700 2902 768 2943 nifi
786 2899 964 2958 persecu
980 2915 1024 2943 re
1039 2901 1235 2956 conquie-

196 2960 353 3004 scemus
370 2990 383 3003 .
412 2960 665 3015 Disceptabit
691 2961 730 3003 in
760 2972 901 3002 eorum
931 2962 1153 3002 Procerum
1168 2958 1239 3001 de.

198 3020 513 3063 liberationibus
530 3019 768 3062 Germanici
786 3018 970 3061 Nominis
980 3017 1239 3067 existimatio,

191 3080 381 3122 Romani
401 3079 569 3135 Imperii
586 3077 683 3121 salus
699 3107 714 3130 ‚
735 3080 774 3120 δι
789 3077 1027 3119 orthodoxae
1049 3075 1145 3118 fidei
1166 3075 1238 3116 Di-

199 3138 332 3193 gnitas
348 3166 361 3178 .
386 3139 544 3181 Scimus
561 3136 803 3194 jampridem
816 3163 830 3185 ,
851 3149 938 3190 quae
953 3149 1067 3177 mens
1083 3134 1126 3176 lit
1147 3136 1242 3176 Fra-

199 3196 388 3239 tcrnitati
409 3198 534 3249 Tuae3
560 3210 687 3251 quare
709 3195 920 3239 docendus
945 3209 1025 3237 non
1041 3208 1086 3236 es
1100 3223 1115 3245 ,
1139 3191 1236 3246 quid

197 3255 221 3298 i
244 3257 307 3297 Te
329 3256 537 3299 Catholici
558 3256 743 3298 Nominis
759 3281 775 3303 ‚
800 3255 839 3295 &
865 3254 1064 3296 Bavaricae
1084 3251 1237 3295 Domus

197 3314 379 3357 rationes
401 3315 565 3369 exigant
580 3341 592 3353 .
626 3312 672 3356 Id
689 3326 812 3356 unum
830 3326 927 3355 cura
942 3339 957 3361 ,
984 3326 1033 3354 ne
1051 3310 1238 3355 Hostium

199 3373 314 3416 minae
327 3401 342 3424 ‚
368 3381 436 3416 aut
451 3371 728 3428 periculorum
746 3372 986 3427 magnitudo
1004 3373 1065 3413 Te
1082 3369 1135 3411 de
1155 3368 1240 3413 sen·

199 3433 332 3475 tentia
361 3431 582 3474 deturbent
610 3444 622 3473 :
653 3445 732 3474 non
753 3429 946 3485 equidem
980 3430 1019 3471 id
1052 3427 1239 3483 suspicari

199 3488 406 3548 possumus
429 3491 482 3533 de
510 3490 782 3533 Fraternitate
800 3490 917 3539 Tua,
950 3501 1068 3542 quam
1102 3486 1242 3543 gladio

200 3549 340 3593 salutis
355 3560 555 3592 armatam
572 3550 608 3592 in
627 3563 677 3591 eo
692 3547 925 3603 Principum
939 3546 1136 3590 Concilio
1154 3549 1251 3590 Haev

203 3608 343 3652 reticis
360 3606 665 3652 formidolosam
681 3607 769 3649 fore
788 3605 1007 3661 speramus.
1027 3607 1085 3648 Ut
1100 3615 1239 3648 autem

202 3666 476 3712 confidentius
506 3667 545 3709 in
573 3682 663 3711 eam
683 3679 850 3709 arenam
876 3662 1099 3707 descendas
1116 3693 1130 3716 ‚
1164 3664 1240 3707 Dei

205 3725 361 3769 causam
375 3755 391 3778 ,
416 3728 458 3768 δι
475 3727 702 3783 Religionis
729 3726 854 3768 decus
880 3734 1209 3779 propugnaturus
1226 3752 1243 3774 ,

204 3783 422 3829 Pontifici&
439 3787 501 3830 Te
516 3785 667 3830 iterum
684 3783 970 3828 Benedictione
991 3783 1150 3825 munire
1164 3781 1239 3824 de-

205 3845 409 3948 crevirzuus
420 3857 509 3948 ,1οῆ
523 3854 640 3890 tanto
652 3844 823 3900 negotio
836 3841 984 3887 auxilia
1006 3840 1256 3899 suppeditas.

294 3932 301 3939 ·
358 3917 430 3947 om.
509 3930 522 3945 .

2066 259 2243 361 275.

1255 377 1336 407 ωτι
1357 392 1371 415 ,
1399 380 1543 422 (μω-,ε
1562 362 1729 407 Nostros
1755 361 2000 409 confirmare
2013 364 2095 416 ,‚&
2119 363 2286 418 publicae

1253 424 1389 466 salutis
1406 425 1592 467 inimicos
1603 420 1929 478 perterrefacere
1946 423 2289 478 ponimus.agent

1255 498 1349 526 cum
1366 484 1642 527 fraternitate
1663 483 1748 524 Tua
1764 488 1817 524 ue
1831 493 1943 525 tanta
1960 497 2004 525 re
2020 512 2037 536 s.
2066 483 2295 525 Venerabi-

1256 543 1307 586 lis
1324 545 1468 586 Frater
1484 568 1499 590 ‚
1523 541 1698 584 Carolus
1713 566 1727 587 ‚
1747 539 1962 595 Episcopus
1979 544 2210 584 Averianus
2224 568 2238 591 ‚
2254 540 2308 584 δι’

1261 602 1447 645 Dilectus
1477 600 1603 643 Filius
1620 627 1633 650 ‚
1662 601 1730 641 fr.
1761 601 2016 653 Hyacinthus
2044 599 2267 644 Cai'alenlis
2280 629 2296 653 ,

1259 663 1495 716 Capucinus
1509 686 1524 709 ‚
1538 659 1683 715 quibus
1698 659 1873 701 eandem
1885 686 1899 708 ‚
1914 674 2032 715 quam
2049 661 2179 702 Nobis
2193 659 2298 715 iplis,

1262 717 1384 762 fidem
1402 718 1557 762 babere
1574 719 1727 773 poteris
1740 744 1752 757 .
1778 720 1928 759 Datum
1947 720 2084 762 Romae
2101 720 2301 776 utsispro.'

1325 838 1387 879 Ex
1399 834 1526 878 eodem
1542 832 1663 879 Arcb.
1687 834 1805 878 Votic.
1812 835 1969 892 secreto
1982 863 1995 877 .

1530 1070 1708 1123 Eodem
1739 1085 2013 1142 argumento
2027 1107 2041 1121 .

1357 1192 1392 1235 A
1409 1197 1554 1246 tergo:
1589 1191 1744 1233 Dilecto
1775 1188 1882 1235 mio
1906 1217 1921 1241 ,
1950 1190 2086 1234 Nobili
2120 1189 2207 1234 Viro
2222 1216 2238 1241 ,

1454 1249 1763 1299 Maximillam,
1800 1251 1985 1293 Bovarlae
2012 1252 2119 1294 Duci

1280 1369 1859 1424 GREGORIUS
1913 1372 2124 1421 PAPA
2176 1367 2305 1422 XV.

1281 1457 1439 1531 Dilefie
1454 1488 1566 1539 Fili,
1591 1484 1743 1530 Nobilis
1778 1488 1844 1531 Vir
1857 1516 1871 1537 ,
1884 1486 2063 1543 solertem
2079 1488 2134 1538 ἀι
2150 1483 2311 1544 Aposto-

1558 1546 1675 1588 licam
1694 1545 2004 1589 Benediffionem
2017 1575 2029 1588 .

1388 1664 1440 1707 O'
1463 1661 1670 1706 felicitatis
1683 1691 1698 1715 ‚
1725 1671 1849 1721 atque
1864 1662 2003 1717 gloriae
2022 1664 2207 1719 pervenit
2224 1664 2313 1705 No-

1409 1722 1544 1766 bilitas
1566 1723 1678 1774 rua,
1701 1734 1774 1771 ut,
1801 1722 1868 1778 qui
1902 1723 1997 1765 Tuis
2027 1722 2212 1765 laudibus
2240 1721 2313 1762 in.,

1277 1786 1500 1826 Conventa
1518 1780 1799 1824 Ratisbonensi
1825 1779 1965 1825 favent
1981 1809 1995 1831 ,
2028 1782 2052 1823 ii
2068 1780 2240 1824 Coelum
2257 1779 2315 1819 lae·

1279 1839 1469 1892 tificent,
1496 1840 1777 1883 &Catholicae
1807 1841 2038 1895 Religionis
2071 1841 2316 1895 dignitatem

1281 1911 1428 1942 curent
1456 1927 1469 1940 .
1510 1902 1654 1955 Quare
1680 1899 1822 1941 nostris
1851 1898 2199 1942 admonitionibus
2225 1896 2318 1939 ian'e

1281 1972 1363 2002 non
1379 1971 1475 2015 eges
1493 1986 1509 2009 ,
1535 1958 1603 2014 qui
1622 1959 1699 2000 Dei
1715 1957 1874 2002 causam
1892 1972 2144 2014 propugnans
2160 1988 2173 2008 ,
2194 1958 2319 1997 victo·-

1282 2018 1437 2061 riarum
1452 2026 1611 2059 tuarum
1629 2017 1858 2060 uberrimos
1875 2015 2027 2060 fructus
2051 2019 2221 2072 colliges
2237 2045 2250 2065 ,
2279 2016 2320 2057 &

1282 2076 1466 2119 Bavarici
1502 2075 1693 2117 Nominis
1725 2076 1969 2132 dignitatem
2014 2075 2282 2132 amplificabis
2305 2104 2322 2116 .

1282 2138 1372 2179 Nos
1403 2145 1539 2178 tamen
1558 2133 1781 2177 Caesaream
1804 2134 2066 2191 Majectatem
2084 2164 2098 2187 ‚
2122 2133 2324 2178 coeteros-

1283 2208 1364 2250 que
1381 2193 1622 2237 Catholicos
1642 2193 1854 2249 Principes
1879 2196 1995 2236 novis
2021 2193 2323 2237 cohortationi-

1283 2253 1362 2295 bus
1385 2266 1478 2294 cum
1495 2252 1533 2292 in
1553 2251 1636 2306 ipso
1650 2266 1787 2295 rerum
1810 2251 2044 2295 discrimine
2068 2254 2323 2294 inflamman-

1289 2311 1364 2353 dos
1378 2311 1455 2354 effe
1470 2309 1705 2354 duxerimus
1722 2312 1770 2354 ad
1791 2312 2019 2367 Religionis
2035 2313 2323 2355 austeritatem

1290 2370 1524 2413 constanter
1538 2370 1732 2413 tuendam
1747 2400 1763 2421 ,
1787 2371 2057 2414 Nobilitatem
2079 2374 2204 2414 Tuam
2221 2384 2324 2423 quo-

1288 2442 1371 2486 que
1393 2428 1544 2483 alloqui
1560 2428 1814 2472 decrevimus
1830 2458 1844 2480 ‚
1875 2441 1943 2480 ut,
1968 2444 2058 2472 cum
2078 2432 2114 2472 in
2134 2433 2223 2472 acie
2247 2431 2323 2472 hae·

1291 2488 1515 2532 reticorum
1537 2486 1643 2528 vires
1660 2485 1838 2530 feliciter
1852 2490 2088 2531 contuderis
2104 2517 2118 2539 ‚
2141 2490 2176 2530 in
2200 2490 2326 2531 consi·

1290 2547 1349 2590 lio
1363 2545 1488 2588 etiam
1506 2545 1726 2600 triumphes
1738 2575 1752 2598 ‚
1767 2560 1814 2589 ea
1833 2560 2043 2589 removens
2057 2549 2325 2601 impedimen·

1291 2615 1332 2650 ta
1350 2633 1365 2657 ‚
1389 2619 1476 2660 quae
1496 2614 1641 2647 contra
1657 2606 1863 2660 publicum
1878 2606 2029 2649 bonum
2045 2634 2059 2657 ‚
2090 2618 2327 2661 tuumque,

1292 2665 1416 2707 decus
1429 2677 1670 2718 comparare
1684 2664 1834 2707 dicitur
1845 2664 2022 2709 nefarius
2037 2665 2330 2708 distordiarum

1295 2726 1446 2768 Pater.
1478 2724 1569 2764 Erit
1596 2721 1712 2775 fane,
1738 2738 1812 2766 cur
1838 2726 2065 2781 triumphos
2096 2726 2332 2767 Nobilitatis

1297 2784 1394 2825 Tuae
1410 2781 1633 2825 Catholica
1655 2783 1836 2826 Ecclefia
1857 2782 2052 2827 salutares
2072 2785 2135 2826 libi
2159 2782 2333 2829 fuine-³

1298 2840 1524 2897 praedicet,
1555 2842 1580 2881 ii
1611 2844 1776 2884 tandem
1807 2842 2029 2898 aliquando
2056 2842 2335 2897 Imperatoria=

1301 2900 1628 2951 Elec'tionisyice
1643 2928 1656 2949 ,
1681 2904 1918 2943 sanctorum
1937 2914 2057 2956 atque
2078 2905 2333 2945 Hominum.»

1301 2957 1487 3012 proditor
1501 2958 1714 3001 Palatinus
1730 2959 1955 3014 privabitur
1968 2990 1980 3002 .
2004 2958 2189 3016 Agnosce
2206 2962 2242 3000 in
2260 2961 2333 3002 hae

1300 3016 1592 3058 cohortatione
1615 3016 1722 3059 illius
1746 3019 1958 3061 charitatis
1987 3019 2303 3075 magnitudinem
2319 3045 2335 3069 ,

1299 3074 1378 3130 qut'i
1406 3076 1466 3116 Te
1493 3075 1548 3117 de
1577 3075 1849 3131 Religione&
1873 3078 2051 3129 Imperio
2068 3088 2335 3119 merentem

1304 3131 1517 3177 Pontificia
1548 3136 1664 3176 Mens
1694 3135 1979 3190 complectitur
2001 3164 2012 3176 .
2046 3139 2221 3178 Coetera
2250 3137 2335 3177 Te—

1298 3206 1391 3235 cum
1411 3193 1575 3235 uberius
1594 3191 1808 3241 disserent,
1824 3194 2082 3237 Venerabilis
2103 3196 2335 3237 FraterCa·

1300 3251 1412 3294 rolus
1431 3280 1444 3302 ,
1474 3250 1694 3307 Episcopus
1721 3253 1986 3306 Averfanus,
2017 3255 2196 3296 Nuntius
2224 3256 2336 3307 Apo·

1300 3310 1493 3361 noticiis,
1526 3312 1565 3352 δι
1595 3311 1776 3354 Dilesfilus
1799 3311 1952 3363 Filius,
1983 3315 2048 3355 Fr.
2077 3312 2335 3368 Hyacinthus

1302 3368 1525 3411 Casalenfis
1554 3399 1568 3421 ‚
1612 3373 1840 3426 Capucinus
1876 3400 1890 3422 ,
1937 3385 2108 3429 quorum
2151 3371 2284 3416 verbis
2321 3400 2337 3422 ,

1302 3428 1456 3483 ubique
1472 3428 1644 3470 candem
1661 3459 1676 3480 ‚
1704 3445 1822 3484 quam
1840 3430 1980 3474 nostris
1995 3459 2009 3482 ,
2035 3430 2156 3473 fidem
2173 3427 2251 3475 effe
2266 3444 2338 3472 cu-

1304 3487 1436 3543 pimus
1450 3515 1461 3526 .
1490 3489 1622 3529 Deum
1642 3502 1824 3540 oramus,
1851 3490 1950 3532 utin
1966 3504 2017 3533 co
2032 3494 2335 3534 Germanorum

1306 3544 1541 3601 Principum
1554 3547 2336 3606 ConcilioChriflianamRempublicam

1303 3603 1462 3646 soletur
1502 3604 1676 3647 felicitas
1707 3607 1945 3651 Nobilitatis
1975 3611 2067 3652 Tuae
2096 3640 2111 3660 ,
2137 3610 2201 3651 cui
2230 3612 2338 3661 Apo-

1309 3663 1492 3706 llolicam
1524 3665 1849 3710 Benedietionem
1866 3679 2126 3725 peramanter
2152 3666 2337 3725 imparti-

1304 3737 1394 3766 mur
1408 3750 1420 3763 .
1447 3725 1601 3765 Datum
1617 3733 1662 3765 ut
1672 3723 1831 3783 siepro.

1363 3845 1425 3886 Ex
1441 3841 1569 3885 eodem
1584 3842 1757 3886 Archino
1785 3845 1964 3889 Vaticano
1978 3848 2130 3889 secreto
2140 3872 2153 3886 .

1618 3903 1775 3947 Mm2
2193 3903 2279 3947 Eo·
