<?xml version="1.0" encoding="UTF-8"?>
<!DOCTYPE html PUBLIC "-//W3C//DTD XHTML 1.0 Transitional//EN"
    "http://www.w3.org/TR/xhtml1/DTD/xhtml1-transitional.dtd">
<html xmlns="http://www.w3.org/1999/xhtml" xml:lang="en" lang="en">
 <head>
  <title>
</title>
<meta http-equiv="Content-Type" content="text/html;charset=utf-8" />
  <meta name='ocr-system' content='tesseract 3.04.00' />
  <meta name='ocr-capabilities' content='ocr_page ocr_carea ocr_par ocr_line ocrx_word'/>
</head>
<body>
  <div class='ocr_page' id='page_1' title='image "./bullariumordinis03cath/bullariumordinis03cath_0143.png"; bbox 0 0 2664 4114; ppageno 0'>
   <div class='ocr_carea' id='block_1_1' title="bbox 1034 186 1558 301">
    <p class='ocr_par' dir='ltr' id='par_1_1' title="bbox 1034 186 1558 301">
     <span class='ocr_line' id='line_1_1' title="bbox 1034 186 1558 301; baseline 0.002 -29"><span class='ocrx_word' id='word_1_1' title='bbox 1034 186 1558 301; x_wconf 79' lang='lat' dir='ltr'>Cosentina.</span> 
     </span>
    </p>
   </div>
   <div class='ocr_carea' id='block_1_2' title="bbox 2181 205 2276 285">
    <p class='ocr_par' dir='ltr' id='par_1_2' title="bbox 2181 205 2276 285">
     <span class='ocr_line' id='line_1_2' title="bbox 2181 205 2276 285; baseline 0.053 -5"><span class='ocrx_word' id='word_1_2' title='bbox 2181 205 2276 285; x_wconf 88' lang='lat'>81</span> 
     </span>
    </p>
   </div>
   <div class='ocr_carea' id='block_1_3' title="bbox 229 297 2328 362">
    <p class='ocr_par' dir='ltr' id='par_1_3' title="bbox 229 297 2328 362">
     <span class='ocr_line' id='line_1_3' title="bbox 229 297 2328 362; baseline 0.006 -24"><span class='ocrx_word' id='word_1_3' title='bbox 229 299 447 338; x_wconf 71' lang='lat' dir='ltr'>Procurabt&#39;t</span> <span class='ocrx_word' id='word_1_4' title='bbox 458 300 540 340; x_wconf 70' lang='lat' dir='ltr'>inde</span> <span class='ocrx_word' id='word_1_5' title='bbox 553 322 568 348; x_wconf 86' lang='lat'>,</span> <span class='ocrx_word' id='word_1_6' title='bbox 588 311 630 342; x_wconf 71' lang='lat' dir='ltr'>ut</span> <span class='ocrx_word' id='word_1_7' title='bbox 639 299 783 351; x_wconf 78' lang='lat' dir='ltr'>praesem</span> <span class='ocrx_word' id='word_1_8' title='bbox 797 301 864 338; x_wconf 80' lang='lat' dir='ltr'>haec</span> <span class='ocrx_word' id='word_1_9' title='bbox 875 297 1032 348; x_wconf 73' lang='lat' dir='ltr'><em>resolutio</em></span> <span class='ocrx_word' id='word_1_10' title='bbox 1052 307 1163 348; x_wconf 74' lang='lat' dir='ltr'>quoad</span> <span class='ocrx_word' id='word_1_11' title='bbox 1190 306 1301 340; x_wconf 78' lang='lat' dir='ltr'>omnia</span> <span class='ocrx_word' id='word_1_12' title='bbox 1315 308 1384 354; x_wconf 65' lang='lat' dir='ltr'>sita</span> <span class='ocrx_word' id='word_1_13' title='bbox 1404 306 1532 355; x_wconf 54' lang='lat' dir='ltr'>puncta</span> <span class='ocrx_word' id='word_1_14' title='bbox 1557 308 1750 346; x_wconf 71' lang='lat' dir='ltr'>executioni</span> <span class='ocrx_word' id='word_1_15' title='bbox 1763 308 1986 350; x_wconf 83' lang='lat' dir='ltr'><em>demandetur</em></span> <span class='ocrx_word' id='word_1_16' title='bbox 2000 309 2073 354; x_wconf 75' lang='lat' dir='ltr'>&amp;c-</span> <span class='ocrx_word' id='word_1_17' title='bbox 2086 309 2200 351; x_wconf 78' lang='lat' dir='ltr'>Romae</span> <span class='ocrx_word' id='word_1_18' title='bbox 2216 325 2250 362; x_wconf 82' lang='lat'>5.</span> <span class='ocrx_word' id='word_1_19' title='bbox 2264 313 2328 351; x_wconf 72' lang='lat' dir='ltr'>Fe-</span> 
     </span>
    </p>
   </div>
   <div class='ocr_carea' id='block_1_4' title="bbox 222 349 493 398">
    <p class='ocr_par' dir='ltr' id='par_1_4' title="bbox 222 349 493 398">
     <span class='ocr_line' id='line_1_4' title="bbox 222 349 493 398; baseline -0.007 -9"><span class='ocrx_word' id='word_1_20' title='bbox 222 349 366 396; x_wconf 69' lang='lat' dir='ltr'>bruarii</span> <span class='ocrx_word' id='word_1_21' title='bbox 392 362 404 386; x_wconf 82' lang='grc' dir='ltr'><strong><em>ι</em></strong></span> <span class='ocrx_word' id='word_1_22' title='bbox 412 349 493 398; x_wconf 85' lang='lat'><em>627.</em></span> 
     </span>
    </p>
   </div>
   <div class='ocr_carea' id='block_1_5' title="bbox 686 425 1355 481">
    <p class='ocr_par' dir='ltr' id='par_1_5' title="bbox 686 425 1355 481">
     <span class='ocr_line' id='line_1_5' title="bbox 686 425 1355 481; baseline 0 -3"><span class='ocrx_word' id='word_1_23' title='bbox 686 429 929 481; x_wconf 77' lang='lat' dir='ltr'>Laudivius</span> <span class='ocrx_word' id='word_1_24' title='bbox 962 426 1090 476; x_wconf 81' lang='lat' dir='ltr'>Card.</span> <span class='ocrx_word' id='word_1_25' title='bbox 1124 425 1158 475; x_wconf 87' lang='lat' dir='ltr'><em>S</em></span> <span class='ocrx_word' id='word_1_26' title='bbox 1158 463 1170 476; x_wconf 92' lang='lat'>.</span> <span class='ocrx_word' id='word_1_27' title='bbox 1204 426 1327 477; x_wconf 79' lang='lat' dir='ltr'>Sixti</span> <span class='ocrx_word' id='word_1_28' title='bbox 1342 464 1355 478; x_wconf 87' lang='lat'><strong>.</strong></span> 
     </span>
    </p>
   </div>
   <div class='ocr_carea' id='block_1_6' title="bbox 1453 503 1751 556">
    <p class='ocr_par' dir='ltr' id='par_1_6' title="bbox 1453 503 1751 556">
     <span class='ocr_line' id='line_1_6' title="bbox 1453 503 1751 556; baseline 0.017 -13"><span class='ocrx_word' id='word_1_29' title='bbox 1453 504 1494 543; x_wconf 92' lang='grc' dir='ltr'>Ρ.</span> <span class='ocrx_word' id='word_1_30' title='bbox 1520 503 1729 556; x_wconf 78' lang='lat' dir='ltr'>Fagnanus</span> <span class='ocrx_word' id='word_1_31' title='bbox 1738 533 1751 548; x_wconf 79' lang='grc'><strong>.</strong></span> 
     </span>
    </p>
   </div>
   <div class='ocr_carea' id='block_1_7' title="bbox 319 605 1357 657">
    <p class='ocr_par' dir='ltr' id='par_1_7' title="bbox 319 605 1357 657">
     <span class='ocr_line' id='line_1_7' title="bbox 319 605 1357 657; baseline -0.003 -10"><span class='ocrx_word' id='word_1_32' title='bbox 319 609 375 647; x_wconf 79' lang='lat' dir='ltr'>Ex</span> <span class='ocrx_word' id='word_1_33' title='bbox 397 608 484 657; x_wconf 84' lang='lat' dir='ltr'>Reg.</span> <span class='ocrx_word' id='word_1_34' title='bbox 499 609 632 648; x_wconf 76' lang='lat' dir='ltr'>Secrec.</span> <span class='ocrx_word' id='word_1_35' title='bbox 652 607 818 656; x_wconf 80' lang='lat' dir='ltr'>congreg.</span> <span class='ocrx_word' id='word_1_36' title='bbox 845 606 944 655; x_wconf 84' lang='lat' dir='ltr'>mens·</span> <span class='ocrx_word' id='word_1_37' title='bbox 966 605 1009 648; x_wconf 56' lang='grc' dir='ltr'>ἐφ</span> <span class='ocrx_word' id='word_1_38' title='bbox 1031 617 1090 643; x_wconf 85' lang='lat' dir='ltr'>an·</span> <span class='ocrx_word' id='word_1_39' title='bbox 1100 606 1207 656; x_wconf 81' lang='lat' dir='ltr'>praed.</span> <span class='ocrx_word' id='word_1_40' title='bbox 1222 606 1357 656; x_wconf 85' lang='lat' dir='ltr'>fol.42.</span> 
     </span>
    </p>
   </div>
   <div class='ocr_carea' id='block_1_8' title="bbox 309 697 2325 759">
    <p class='ocr_par' dir='ltr' id='par_1_8' title="bbox 309 697 2325 759">
     <span class='ocr_line' id='line_1_8' title="bbox 309 697 2325 759; baseline 0.003 -18"><span class='ocrx_word' id='word_1_41' title='bbox 309 702 400 742; x_wconf 67' lang='lat' dir='ltr'>&#39;Fun</span> <span class='ocrx_word' id='word_1_42' title='bbox 424 705 566 744; x_wconf 79' lang='lat' dir='ltr'>subinde</span> <span class='ocrx_word' id='word_1_43' title='bbox 593 705 722 743; x_wconf 78' lang='lat' dir='ltr'>sublata</span> <span class='ocrx_word' id='word_1_44' title='bbox 747 705 858 742; x_wconf 88' lang='lat' dir='ltr'>omnis</span> <span class='ocrx_word' id='word_1_45' title='bbox 881 705 1059 744; x_wconf 82' lang='lat' dir='ltr'>difficultas</span> <span class='ocrx_word' id='word_1_46' title='bbox 1084 717 1144 754; x_wconf 81' lang='lat' dir='ltr'>per</span> <span class='ocrx_word' id='word_1_47' title='bbox 1166 704 1267 742; x_wconf 76' lang='lat' dir='ltr'>aliam</span> <span class='ocrx_word' id='word_1_48' title='bbox 1280 697 1541 750; x_wconf 82' lang='lat' dir='ltr'>Concordiam,</span> <span class='ocrx_word' id='word_1_49' title='bbox 1567 706 1806 744; x_wconf 83' lang='lat' dir='ltr'>confirmatam</span> <span class='ocrx_word' id='word_1_50' title='bbox 1832 709 1955 746; x_wconf 79' lang='lat' dir='ltr'>litteris</span> <span class='ocrx_word' id='word_1_51' title='bbox 1979 708 2193 758; x_wconf 83' lang='lat' dir='ltr'>Apostolicis</span> <span class='ocrx_word' id='word_1_52' title='bbox 2213 732 2227 756; x_wconf 83' lang='lat'>,</span> <span class='ocrx_word' id='word_1_53' title='bbox 2249 722 2325 759; x_wconf 77' lang='lat' dir='ltr'>quae</span> 
     </span>
    </p>
   </div>
   <div class='ocr_carea' id='block_1_9' title="bbox 219 756 423 804">
    <p class='ocr_par' dir='ltr' id='par_1_9' title="bbox 219 756 423 804">
     <span class='ocr_line' id='line_1_9' title="bbox 219 756 423 804; baseline 0 -12"><span class='ocrx_word' id='word_1_54' title='bbox 219 756 403 804; x_wconf 77' lang='lat' dir='ltr'>sequuntur</span> <span class='ocrx_word' id='word_1_55' title='bbox 413 767 423 791; x_wconf 70' lang='grc' dir='ltr'><strong>ε</strong></span> 
     </span>
    </p>
   </div>
   <div class='ocr_carea' id='block_1_10' title="bbox 697 878 929 893">
    <p class='ocr_par' dir='ltr' id='par_1_10' title="bbox 697 878 929 893">
     <span class='ocr_line' id='line_1_10' title="bbox 697 878 929 893; baseline 0 0"><span class='ocrx_word' id='word_1_56' title='bbox 697 878 929 893; x_wconf 95' lang='lat' dir='ltr'> </span> 
     </span>
    </p>
   </div>
   <div class='ocr_carea' id='block_1_11' title="bbox 213 962 1236 1017">
    <p class='ocr_par' dir='ltr' id='par_1_11' title="bbox 213 962 1236 1017">
     <span class='ocr_line' id='line_1_11' title="bbox 213 962 1236 1017; baseline -0.001 -3"><span class='ocrx_word' id='word_1_57' title='bbox 213 966 403 1014; x_wconf 85' lang='lat' dir='ltr'>Novam</span> <span class='ocrx_word' id='word_1_58' title='bbox 427 962 777 1016; x_wconf 69' lang='lat' dir='ltr'>transastionem</span> <span class='ocrx_word' id='word_1_59' title='bbox 801 967 922 1016; x_wconf 87' lang='lat' dir='ltr'>circa</span> <span class='ocrx_word' id='word_1_60' title='bbox 946 966 1133 1017; x_wconf 84' lang='lat' dir='ltr'>eandem</span> <span class='ocrx_word' id='word_1_61' title='bbox 1160 963 1236 1014; x_wconf 93' lang='lat' dir='ltr'>do-</span> 
     </span>
    </p>
   </div>
   <div class='ocr_carea' id='block_1_12' title="bbox 283 1033 731 1088">
    <p class='ocr_par' dir='ltr' id='par_1_12' title="bbox 283 1033 731 1088">
     <span class='ocr_line' id='line_1_12' title="bbox 283 1033 731 1088; baseline 0.002 -3"><span class='ocrx_word' id='word_1_62' title='bbox 283 1037 520 1088; x_wconf 81' lang='lat' dir='ltr'>nationem</span> <span class='ocrx_word' id='word_1_63' title='bbox 551 1033 705 1087; x_wconf 84' lang='lat' dir='ltr'>firmat</span> <span class='ocrx_word' id='word_1_64' title='bbox 718 1073 731 1086; x_wconf 88' lang='lat'><strong>.</strong></span> 
     </span>
    </p>
   </div>
   <div class='ocr_carea' id='block_1_13' title="bbox 211 1176 1230 1230">
    <p class='ocr_par' dir='ltr' id='par_1_13' title="bbox 211 1176 1230 1230">
     <span class='ocr_line' id='line_1_13' title="bbox 211 1176 1230 1230; baseline -0.002 -1"><span class='ocrx_word' id='word_1_65' title='bbox 211 1176 690 1230; x_wconf 88' lang='lat' dir='ltr'>URBANUS</span> <span class='ocrx_word' id='word_1_66' title='bbox 761 1179 970 1227; x_wconf 91' lang='lat' dir='ltr'><strong>PAPA</strong></span> <span class='ocrx_word' id='word_1_67' title='bbox 1037 1179 1230 1227; x_wconf 88' lang='lat' dir='ltr'><strong>VIII.</strong></span> 
     </span>
    </p>
   </div>
   <div class='ocr_carea' id='block_1_14' title="bbox 291 1302 1141 1407">
    <p class='ocr_par' dir='ltr' id='par_1_14' title="bbox 291 1302 1141 1407">
     <span class='ocr_line' id='line_1_14' title="bbox 291 1302 1141 1363; baseline 0 -17"><span class='ocrx_word' id='word_1_68' title='bbox 291 1302 447 1346; x_wconf 59' lang='lat' dir='ltr'>Ditem·</span> <span class='ocrx_word' id='word_1_69' title='bbox 471 1303 560 1347; x_wconf 77' lang='lat' dir='ltr'>Fili</span> <span class='ocrx_word' id='word_1_70' title='bbox 572 1303 749 1359; x_wconf 69' lang='lat' dir='ltr'>sblutem</span> <span class='ocrx_word' id='word_1_71' title='bbox 767 1334 782 1355; x_wconf 86' lang='lat'>,</span> <span class='ocrx_word' id='word_1_72' title='bbox 814 1304 863 1352; x_wconf 56' lang='grc' dir='ltr'>ὅ</span> <span class='ocrx_word' id='word_1_73' title='bbox 886 1303 1141 1363; x_wconf 84' lang='lat' dir='ltr'>Apostolicam</span> 
     </span>
     <span class='ocr_line' id='line_1_15' title="bbox 552 1364 883 1407; baseline -0.003 -2"><span class='ocrx_word' id='word_1_74' title='bbox 552 1364 856 1407; x_wconf 68' lang='lat' dir='ltr'>Benedifflonem</span> <span class='ocrx_word' id='word_1_75' title='bbox 871 1391 883 1404; x_wconf 89' lang='lat'><strong>.</strong></span> 
     </span>
    </p>
   </div>
   <div class='ocr_carea' id='block_1_15' title="bbox 179 1492 1224 3711">
    <p class='ocr_par' dir='ltr' id='par_1_15' title="bbox 302 1492 1222 1551">
     <span class='ocr_line' id='line_1_16' title="bbox 302 1492 1222 1551; baseline 0.003 -17"><span class='ocrx_word' id='word_1_76' title='bbox 302 1493 436 1548; x_wconf 89' lang='lat' dir='ltr'>Xponi</span> <span class='ocrx_word' id='word_1_77' title='bbox 463 1492 592 1536; x_wconf 90' lang='lat' dir='ltr'>Nobis</span> <span class='ocrx_word' id='word_1_78' title='bbox 614 1508 747 1551; x_wconf 87' lang='lat' dir='ltr'>nuper</span> <span class='ocrx_word' id='word_1_79' title='bbox 770 1493 867 1539; x_wconf 84' lang='lat' dir='ltr'>fecit</span> <span class='ocrx_word' id='word_1_80' title='bbox 897 1495 1075 1538; x_wconf 64' lang='lat' dir='ltr'>Dilec‘tus</span> <span class='ocrx_word' id='word_1_81' title='bbox 1102 1495 1222 1537; x_wconf 88' lang='lat' dir='ltr'>Filius</span> 
     </span>
    </p>

    <p class='ocr_par' dir='ltr' id='par_1_16' title="bbox 187 1553 1224 2539">
     <span class='ocr_line' id='line_1_17' title="bbox 330 1553 1223 1611; baseline 0.002 -17"><span class='ocrx_word' id='word_1_82' title='bbox 330 1553 485 1595; x_wconf 90' lang='lat' dir='ltr'>Mutius</span> <span class='ocrx_word' id='word_1_83' title='bbox 502 1554 692 1596; x_wconf 87' lang='lat' dir='ltr'>Caballus</span> <span class='ocrx_word' id='word_1_84' title='bbox 718 1557 924 1611; x_wconf 86' lang='lat' dir='ltr'>Tropeen.</span> <span class='ocrx_word' id='word_1_85' title='bbox 954 1554 1087 1596; x_wconf 88' lang='lat' dir='ltr'>Dioec.</span> <span class='ocrx_word' id='word_1_86' title='bbox 1115 1554 1223 1610; x_wconf 80' lang='lat' dir='ltr'>quod</span> 
     </span>
     <span class='ocr_line' id='line_1_18' title="bbox 198 1607 1224 1666; baseline 0.003 -16"><span class='ocrx_word' id='word_1_87' title='bbox 198 1607 299 1652; x_wconf 76' lang='lat' dir='ltr'>alias</span> <span class='ocrx_word' id='word_1_88' title='bbox 314 1609 368 1654; x_wconf 85' lang='lat' dir='ltr'>de</span> <span class='ocrx_word' id='word_1_89' title='bbox 391 1626 495 1655; x_wconf 89' lang='lat' dir='ltr'>anno</span> <span class='ocrx_word' id='word_1_90' title='bbox 516 1612 635 1663; x_wconf 84' lang='lat'>1607.</span> <span class='ocrx_word' id='word_1_91' title='bbox 652 1615 715 1655; x_wconf 83' lang='lat' dir='ltr'>seu</span> <span class='ocrx_word' id='word_1_92' title='bbox 741 1613 823 1657; x_wconf 79' lang='lat' dir='ltr'>alio</span> <span class='ocrx_word' id='word_1_93' title='bbox 850 1614 1011 1655; x_wconf 77' lang='lat' dir='ltr'>verlore</span> <span class='ocrx_word' id='word_1_94' title='bbox 1037 1622 1224 1666; x_wconf 85' lang='lat' dir='ltr'>tempore</span> 
     </span>
     <span class='ocr_line' id='line_1_19' title="bbox 200 1668 1224 1725; baseline 0.003 -17"><span class='ocrx_word' id='word_1_95' title='bbox 200 1668 407 1723; x_wconf 85' lang='lat' dir='ltr'>quondam</span> <span class='ocrx_word' id='word_1_96' title='bbox 436 1671 617 1713; x_wconf 90' lang='lat' dir='ltr'>Rutilius</span> <span class='ocrx_word' id='word_1_97' title='bbox 643 1672 764 1716; x_wconf 88' lang='lat' dir='ltr'>etiam</span> <span class='ocrx_word' id='word_1_98' title='bbox 792 1671 988 1714; x_wconf 86' lang='lat' dir='ltr'>Caballus</span> <span class='ocrx_word' id='word_1_99' title='bbox 1019 1677 1070 1712; x_wconf 82' lang='lat' dir='ltr'>ex</span> <span class='ocrx_word' id='word_1_100' title='bbox 1098 1671 1224 1725; x_wconf 91' lang='lat' dir='ltr'>Oppi-</span> 
     </span>
     <span class='ocr_line' id='line_1_20' title="bbox 199 1725 1222 1773; baseline 0.003 -6"><span class='ocrx_word' id='word_1_101' title='bbox 199 1725 256 1767; x_wconf 89' lang='lat' dir='ltr'>do</span> <span class='ocrx_word' id='word_1_102' title='bbox 278 1725 332 1768; x_wconf 89' lang='lat' dir='ltr'>de&#39;</span> <span class='ocrx_word' id='word_1_103' title='bbox 357 1730 555 1771; x_wconf 78' lang='lat' dir='ltr'>Amantea</span> <span class='ocrx_word' id='word_1_104' title='bbox 582 1728 694 1772; x_wconf 67' lang='lat' dir='ltr'>dietae</span> <span class='ocrx_word' id='word_1_105' title='bbox 724 1732 859 1773; x_wconf 88' lang='lat' dir='ltr'>Dioec.</span> <span class='ocrx_word' id='word_1_106' title='bbox 886 1739 984 1773; x_wconf 85' lang='lat' dir='ltr'>tunc</span> <span class='ocrx_word' id='word_1_107' title='bbox 1010 1729 1050 1770; x_wconf 90' lang='lat' dir='ltr'>in</span> <span class='ocrx_word' id='word_1_108' title='bbox 1078 1730 1222 1771; x_wconf 90' lang='lat' dir='ltr'>huma-</span> 
     </span>
     <span class='ocr_line' id='line_1_21' title="bbox 197 1784 1223 1843; baseline 0.005 -19"><span class='ocrx_word' id='word_1_109' title='bbox 197 1784 261 1839; x_wconf 78' lang='lat' dir='ltr'>nis</span> <span class='ocrx_word' id='word_1_110' title='bbox 285 1798 432 1839; x_wconf 88' lang='lat' dir='ltr'>agens,</span> <span class='ocrx_word' id='word_1_111' title='bbox 460 1801 537 1842; x_wconf 93' lang='lat' dir='ltr'>pro</span> <span class='ocrx_word' id='word_1_112' title='bbox 562 1788 676 1830; x_wconf 91' lang='lat' dir='ltr'>unius</span> <span class='ocrx_word' id='word_1_113' title='bbox 701 1788 854 1831; x_wconf 68' lang='lat' dir='ltr'>Domus</span> <span class='ocrx_word' id='word_1_114' title='bbox 882 1787 1097 1843; x_wconf 84' lang='lat' dir='ltr'>Regularis</span> <span class='ocrx_word' id='word_1_115' title='bbox 1123 1790 1223 1829; x_wconf 89' lang='lat' dir='ltr'>Fra-</span> 
     </span>
     <span class='ocr_line' id='line_1_22' title="bbox 195 1843 1222 1900; baseline 0.004 -16"><span class='ocrx_word' id='word_1_116' title='bbox 195 1851 306 1890; x_wconf 63' lang='lat' dir='ltr'>trum</span> <span class='ocrx_word' id='word_1_117' title='bbox 337 1843 501 1887; x_wconf 80' lang='lat' dir='ltr'>Ordinis</span> <span class='ocrx_word' id='word_1_118' title='bbox 530 1846 734 1888; x_wconf 88' lang='lat' dir='ltr'>Minorum</span> <span class='ocrx_word' id='word_1_119' title='bbox 763 1850 802 1889; x_wconf 91' lang='lat' dir='ltr'>S.</span> <span class='ocrx_word' id='word_1_120' title='bbox 823 1845 1017 1889; x_wconf 87' lang='lat' dir='ltr'>Francisci</span> <span class='ocrx_word' id='word_1_121' title='bbox 1045 1847 1222 1900; x_wconf 90' lang='lat' dir='ltr'>Capuci-</span> 
     </span>
     <span class='ocr_line' id='line_1_23' title="bbox 192 1897 1217 1960; baseline 0.003 -18"><span class='ocrx_word' id='word_1_122' title='bbox 192 1897 340 1942; x_wconf 71' lang='lat' dir='ltr'>fiorum</span> <span class='ocrx_word' id='word_1_123' title='bbox 370 1910 590 1956; x_wconf 86' lang='lat' dir='ltr'>nuncupat.</span> <span class='ocrx_word' id='word_1_124' title='bbox 621 1903 659 1944; x_wconf 86' lang='lat' dir='ltr'>in</span> <span class='ocrx_word' id='word_1_125' title='bbox 687 1902 831 1946; x_wconf 84' lang='lat' dir='ltr'>eodem</span> <span class='ocrx_word' id='word_1_126' title='bbox 856 1904 1018 1960; x_wconf 83' lang='lat' dir='ltr'>Oppido</span> <span class='ocrx_word' id='word_1_127' title='bbox 1043 1905 1217 1946; x_wconf 62' lang='lat' dir='ltr'>ereetio-</span> 
     </span>
     <span class='ocr_line' id='line_1_24' title="bbox 192 1959 1217 2017; baseline 0.007 -17"><span class='ocrx_word' id='word_1_128' title='bbox 192 1972 278 2008; x_wconf 90' lang='lat' dir='ltr'>ne,</span> <span class='ocrx_word' id='word_1_129' title='bbox 306 1972 351 2000; x_wconf 92' lang='lat' dir='ltr'>ac</span> <span class='ocrx_word' id='word_1_130' title='bbox 379 1959 602 2003; x_wconf 82' lang='lat' dir='ltr'>neceffariae</span> <span class='ocrx_word' id='word_1_131' title='bbox 638 1959 897 2017; x_wconf 67' lang='lat' dir='ltr'>supellestilis</span> <span class='ocrx_word' id='word_1_132' title='bbox 937 1963 1217 2016; x_wconf 67' lang='lat' dir='ltr'>provisione-„v</span> 
     </span>
     <span class='ocr_line' id='line_1_25' title="bbox 189 2017 1216 2074; baseline 0.006 -16"><span class='ocrx_word' id='word_1_133' title='bbox 189 2017 376 2060; x_wconf 87' lang='lat' dir='ltr'>Ducatos</span> <span class='ocrx_word' id='word_1_134' title='bbox 399 2019 513 2061; x_wconf 91' lang='lat' dir='ltr'>mille</span> <span class='ocrx_word' id='word_1_135' title='bbox 536 2020 576 2061; x_wconf 90' lang='lat' dir='ltr'>in</span> <span class='ocrx_word' id='word_1_136' title='bbox 601 2021 768 2074; x_wconf 90' lang='lat' dir='ltr'>pecunia</span> <span class='ocrx_word' id='word_1_137' title='bbox 795 2033 1002 2065; x_wconf 89' lang='lat' dir='ltr'>numerata</span> <span class='ocrx_word' id='word_1_138' title='bbox 1018 2049 1031 2071; x_wconf 86' lang='lat'>,</span> <span class='ocrx_word' id='word_1_139' title='bbox 1056 2023 1094 2063; x_wconf 92' lang='lat'>&amp;</span> <span class='ocrx_word' id='word_1_140' title='bbox 1118 2022 1216 2064; x_wconf 89' lang='lat' dir='ltr'>alios</span> 
     </span>
     <span class='ocr_line' id='line_1_26' title="bbox 189 2070 1215 2136; baseline 0.005 -19"><span class='ocrx_word' id='word_1_141' title='bbox 189 2070 376 2118; x_wconf 81' lang='lat' dir='ltr'>Ducatos</span> <span class='ocrx_word' id='word_1_142' title='bbox 403 2078 613 2122; x_wconf 87' lang='lat' dir='ltr'>Ducentos</span> <span class='ocrx_word' id='word_1_143' title='bbox 645 2091 813 2122; x_wconf 88' lang='lat' dir='ltr'>monetae</span> <span class='ocrx_word' id='word_1_144' title='bbox 836 2081 966 2135; x_wconf 81' lang='lat' dir='ltr'>Regni</span> <span class='ocrx_word' id='word_1_145' title='bbox 994 2079 1215 2136; x_wconf 76' lang='lat' dir='ltr'>Neapolis,</span> 
     </span>
     <span class='ocr_line' id='line_1_27' title="bbox 188 2134 1219 2195; baseline 0.006 -19"><span class='ocrx_word' id='word_1_146' title='bbox 188 2134 318 2189; x_wconf 86' lang='lat' dir='ltr'>spatio</span> <span class='ocrx_word' id='word_1_147' title='bbox 358 2135 502 2180; x_wconf 88' lang='lat' dir='ltr'>decem</span> <span class='ocrx_word' id='word_1_148' title='bbox 542 2150 738 2181; x_wconf 90' lang='lat' dir='ltr'>annorum</span> <span class='ocrx_word' id='word_1_149' title='bbox 778 2139 1074 2195; x_wconf 87' lang='lat' dir='ltr'>persolvendos</span> <span class='ocrx_word' id='word_1_150' title='bbox 1111 2140 1219 2182; x_wconf 86' lang='lat' dir='ltr'>inter</span> 
     </span>
     <span class='ocr_line' id='line_1_28' title="bbox 189 2193 1218 2254; baseline 0.005 -19"><span class='ocrx_word' id='word_1_151' title='bbox 189 2193 304 2235; x_wconf 87' lang='lat' dir='ltr'>vivos</span> <span class='ocrx_word' id='word_1_152' title='bbox 332 2193 500 2237; x_wconf 85' lang='lat' dir='ltr'>donavit</span> <span class='ocrx_word' id='word_1_153' title='bbox 530 2223 545 2245; x_wconf 91' lang='lat'>,</span> <span class='ocrx_word' id='word_1_154' title='bbox 585 2211 677 2239; x_wconf 90' lang='lat' dir='ltr'>cum</span> <span class='ocrx_word' id='word_1_155' title='bbox 707 2197 881 2254; x_wconf 79' lang='lat' dir='ltr'>expressa</span> <span class='ocrx_word' id='word_1_156' title='bbox 912 2198 1218 2247; x_wconf 76' lang='lat' dir='ltr'>declaratione,</span> 
     </span>
     <span class='ocr_line' id='line_1_29' title="bbox 188 2250 1218 2311; baseline 0.007 -20"><span class='ocrx_word' id='word_1_157' title='bbox 188 2250 298 2307; x_wconf 90' lang='lat' dir='ltr'>quod</span> <span class='ocrx_word' id='word_1_158' title='bbox 325 2251 440 2294; x_wconf 65' lang='lat' dir='ltr'>distis</span> <span class='ocrx_word' id='word_1_159' title='bbox 467 2254 615 2296; x_wconf 90' lang='lat' dir='ltr'>decem</span> <span class='ocrx_word' id='word_1_160' title='bbox 647 2257 755 2297; x_wconf 81' lang='lat' dir='ltr'>annis</span> <span class='ocrx_word' id='word_1_161' title='bbox 781 2257 920 2311; x_wconf 88' lang='lat' dir='ltr'>elapfis</span> <span class='ocrx_word' id='word_1_162' title='bbox 941 2284 955 2307; x_wconf 84' lang='lat'>,</span> <span class='ocrx_word' id='word_1_163' title='bbox 987 2270 1033 2299; x_wconf 91' lang='lat' dir='ltr'>ac</span> <span class='ocrx_word' id='word_1_164' title='bbox 1065 2255 1218 2298; x_wconf 66' lang='lat' dir='ltr'>fabrica</span> 
     </span>
     <span class='ocr_line' id='line_1_30' title="bbox 187 2309 1218 2368; baseline 0.008 -18"><span class='ocrx_word' id='word_1_165' title='bbox 187 2322 304 2352; x_wconf 85' lang='lat' dir='ltr'>novae</span> <span class='ocrx_word' id='word_1_166' title='bbox 335 2309 485 2353; x_wconf 75' lang='lat' dir='ltr'>Domfis</span> <span class='ocrx_word' id='word_1_167' title='bbox 516 2311 741 2368; x_wconf 85' lang='lat' dir='ltr'>hujusmodi</span> <span class='ocrx_word' id='word_1_168' title='bbox 773 2314 821 2356; x_wconf 89' lang='lat' dir='ltr'>ad</span> <span class='ocrx_word' id='word_1_169' title='bbox 851 2314 1032 2358; x_wconf 90' lang='lat' dir='ltr'>debiturn</span> <span class='ocrx_word' id='word_1_170' title='bbox 1064 2314 1218 2358; x_wconf 84' lang='lat' dir='ltr'>finem..</span> 
     </span>
     <span class='ocr_line' id='line_1_31' title="bbox 187 2364 1217 2430; baseline 0.006 -21"><span class='ocrx_word' id='word_1_171' title='bbox 187 2379 270 2410; x_wconf 87' lang='lat' dir='ltr'>non</span> <span class='ocrx_word' id='word_1_172' title='bbox 299 2370 496 2424; x_wconf 67' lang='lat' dir='ltr'>perduetfi</span> <span class='ocrx_word' id='word_1_173' title='bbox 521 2401 536 2421; x_wconf 87' lang='lat'>,</span> <span class='ocrx_word' id='word_1_174' title='bbox 570 2383 664 2412; x_wconf 90' lang='lat' dir='ltr'>tunc</span> <span class='ocrx_word' id='word_1_175' title='bbox 696 2364 864 2415; x_wconf 89' lang='lat' dir='ltr'>ducenti</span> <span class='ocrx_word' id='word_1_176' title='bbox 894 2373 1043 2415; x_wconf 89' lang='lat' dir='ltr'>Ducati</span> <span class='ocrx_word' id='word_1_177' title='bbox 1081 2374 1217 2430; x_wconf 85' lang='lat' dir='ltr'>praedi-</span> 
     </span>
     <span class='ocr_line' id='line_1_32' title="bbox 188 2426 1215 2487; baseline 0.008 -21"><span class='ocrx_word' id='word_1_178' title='bbox 188 2426 240 2467; x_wconf 68' lang='lat' dir='ltr'>&amp;i</span> <span class='ocrx_word' id='word_1_179' title='bbox 269 2430 511 2482; x_wconf 74' lang='lat' dir='ltr'>quotannis,</span> <span class='ocrx_word' id='word_1_180' title='bbox 536 2429 668 2471; x_wconf 84' lang='lat' dir='ltr'>donec</span> <span class='ocrx_word' id='word_1_181' title='bbox 696 2430 772 2487; x_wconf 89' lang='lat' dir='ltr'>ipsa</span> <span class='ocrx_word' id='word_1_182' title='bbox 800 2446 904 2474; x_wconf 91' lang='lat' dir='ltr'>nova</span> <span class='ocrx_word' id='word_1_183' title='bbox 931 2435 1083 2475; x_wconf 87' lang='lat' dir='ltr'>Domus</span> <span class='ocrx_word' id='word_1_184' title='bbox 1112 2432 1215 2474; x_wconf 86' lang='lat' dir='ltr'>inte-</span> 
     </span>
     <span class='ocr_line' id='line_1_33' title="bbox 190 2484 946 2539; baseline 0.008 -15"><span class='ocrx_word' id='word_1_185' title='bbox 190 2484 263 2539; x_wconf 78' lang='lat' dir='ltr'>gre</span> <span class='ocrx_word' id='word_1_186' title='bbox 293 2485 471 2539; x_wconf 59' lang='lat' dir='ltr'>perfecta</span> <span class='ocrx_word' id='word_1_187' title='bbox 495 2486 631 2539; x_wconf 83' lang='lat' dir='ltr'>foret,</span> <span class='ocrx_word' id='word_1_188' title='bbox 664 2486 946 2533; x_wconf 85' lang='lat' dir='ltr'>solverentur.</span> 
     </span>
    </p>

    <p class='ocr_par' dir='ltr' id='par_1_17' title="bbox 179 2544 1214 3711">
     <span class='ocr_line' id='line_1_34' title="bbox 211 2544 1213 2604; baseline 0.006 -20"><span class='ocrx_word' id='word_1_189' title='bbox 211 2589 214 2594; x_wconf 16' lang='lat' dir='ltr'>A</span> <span class='ocrx_word' id='word_1_190' title='bbox 246 2544 423 2588; x_wconf 85' lang='lat' dir='ltr'>Subinde</span> <span class='ocrx_word' id='word_1_191' title='bbox 454 2549 553 2589; x_wconf 76' lang='lat' dir='ltr'>vero</span> <span class='ocrx_word' id='word_1_192' title='bbox 577 2546 629 2588; x_wconf 92' lang='lat' dir='ltr'>de</span> <span class='ocrx_word' id='word_1_193' title='bbox 659 2561 764 2590; x_wconf 87' lang='lat' dir='ltr'>anno</span> <span class='ocrx_word' id='word_1_194' title='bbox 797 2552 914 2604; x_wconf 81' lang='lat'>1613.</span> <span class='ocrx_word' id='word_1_195' title='bbox 944 2549 1126 2592; x_wconf 63' lang='lat' dir='ltr'>Dilenus</span> <span class='ocrx_word' id='word_1_196' title='bbox 1152 2551 1213 2591; x_wconf 86' lang='lat' dir='ltr'>Fi-</span> 
     </span>
     <span class='ocr_line' id='line_1_35' title="bbox 184 2600 1214 2659; baseline 0.006 -16"><span class='ocrx_word' id='word_1_197' title='bbox 184 2600 263 2643; x_wconf 90' lang='lat' dir='ltr'>lius</span> <span class='ocrx_word' id='word_1_198' title='bbox 289 2604 465 2658; x_wconf 90' lang='lat' dir='ltr'>Joannes</span> <span class='ocrx_word' id='word_1_199' title='bbox 506 2604 736 2649; x_wconf 82' lang='lat' dir='ltr'>Franciscus</span> <span class='ocrx_word' id='word_1_200' title='bbox 771 2608 924 2649; x_wconf 87' lang='lat' dir='ltr'>Brescia</span> <span class='ocrx_word' id='word_1_201' title='bbox 944 2635 958 2659; x_wconf 93' lang='lat'>,</span> <span class='ocrx_word' id='word_1_202' title='bbox 990 2609 1214 2650; x_wconf 84' lang='lat' dir='ltr'>Provinciae</span> 
     </span>
     <span class='ocr_line' id='line_1_36' title="bbox 185 2660 1210 2719; baseline 0.006 -16"><span class='ocrx_word' id='word_1_203' title='bbox 185 2660 383 2703; x_wconf 83' lang='lat' dir='ltr'>Calabriae</span> <span class='ocrx_word' id='word_1_204' title='bbox 396 2691 410 2714; x_wconf 74' lang='grc'><em>,</em></span> <span class='ocrx_word' id='word_1_205' title='bbox 426 2661 608 2719; x_wconf 83' lang='lat' dir='ltr'>ejusdem</span> <span class='ocrx_word' id='word_1_206' title='bbox 626 2665 789 2706; x_wconf 86' lang='lat' dir='ltr'>Ordinis</span> <span class='ocrx_word' id='word_1_207' title='bbox 809 2667 1110 2709; x_wconf 76' lang='lat' dir='ltr'>Commilsarius</span> <span class='ocrx_word' id='word_1_208' title='bbox 1127 2670 1210 2709; x_wconf 90' lang='lat' dir='ltr'>Ge—</span> 
     </span>
     <span class='ocr_line' id='line_1_37' title="bbox 183 2719 1211 2767; baseline 0.007 -8"><span class='ocrx_word' id='word_1_209' title='bbox 183 2719 333 2760; x_wconf 87' lang='lat' dir='ltr'>neralis</span> <span class='ocrx_word' id='word_1_210' title='bbox 358 2719 410 2761; x_wconf 88' lang='lat' dir='ltr'>de</span> <span class='ocrx_word' id='word_1_211' title='bbox 436 2730 535 2764; x_wconf 86' lang='lat' dir='ltr'>tunc</span> <span class='ocrx_word' id='word_1_212' title='bbox 558 2723 759 2765; x_wconf 85' lang='lat' dir='ltr'>existentis</span> <span class='ocrx_word' id='word_1_213' title='bbox 786 2723 878 2766; x_wconf 62' lang='lat' dir='ltr'>dieii</span> <span class='ocrx_word' id='word_1_214' title='bbox 905 2725 1069 2767; x_wconf 77' lang='lat' dir='ltr'>Ordinis</span> <span class='ocrx_word' id='word_1_215' title='bbox 1088 2726 1211 2767; x_wconf 88' lang='lat' dir='ltr'>Mini-</span> 
     </span>
     <span class='ocr_line' id='line_1_38' title="bbox 182 2777 1209 2838; baseline 0.008 -21"><span class='ocrx_word' id='word_1_216' title='bbox 182 2777 250 2817; x_wconf 87' lang='lat' dir='ltr'>stri</span> <span class='ocrx_word' id='word_1_217' title='bbox 281 2778 521 2830; x_wconf 81' lang='lat' dir='ltr'>Generalis,</span> <span class='ocrx_word' id='word_1_218' title='bbox 552 2782 591 2820; x_wconf 91' lang='lat'>&amp;</span> <span class='ocrx_word' id='word_1_219' title='bbox 622 2783 804 2823; x_wconf 84' lang='lat' dir='ltr'>Fratrum</span> <span class='ocrx_word' id='word_1_220' title='bbox 833 2783 1011 2838; x_wconf 82' lang='lat' dir='ltr'>ejusdem</span> <span class='ocrx_word' id='word_1_221' title='bbox 1040 2785 1209 2827; x_wconf 89' lang='lat' dir='ltr'>Provin-</span> 
     </span>
     <span class='ocr_line' id='line_1_39' title="bbox 181 2834 1211 2895; baseline 0.008 -20"><span class='ocrx_word' id='word_1_222' title='bbox 181 2834 251 2875; x_wconf 83' lang='lat' dir='ltr'>ciae</span> <span class='ocrx_word' id='word_1_223' title='bbox 277 2837 466 2879; x_wconf 88' lang='lat' dir='ltr'>consensu</span> <span class='ocrx_word' id='word_1_224' title='bbox 491 2852 581 2880; x_wconf 91' lang='lat' dir='ltr'>cum</span> <span class='ocrx_word' id='word_1_225' title='bbox 609 2839 828 2882; x_wconf 80' lang='lat' dir='ltr'>haeredibus</span> <span class='ocrx_word' id='word_1_226' title='bbox 853 2841 945 2881; x_wconf 62' lang='lat' dir='ltr'>dieti</span> <span class='ocrx_word' id='word_1_227' title='bbox 967 2842 1111 2884; x_wconf 81' lang='lat' dir='ltr'>Rutilii</span> <span class='ocrx_word' id='word_1_228' title='bbox 1138 2856 1211 2895; x_wconf 90' lang='lat' dir='ltr'>pro</span> 
     </span>
     <span class='ocr_line' id='line_1_40' title="bbox 181 2890 1201 2951; baseline 0.008 -18"><span class='ocrx_word' id='word_1_229' title='bbox 181 2890 332 2936; x_wconf 88' lang='lat' dir='ltr'>summa</span> <span class='ocrx_word' id='word_1_230' title='bbox 361 2906 534 2951; x_wconf 89' lang='lat' dir='ltr'>quatuor</span> <span class='ocrx_word' id='word_1_231' title='bbox 561 2897 675 2940; x_wconf 87' lang='lat' dir='ltr'>mille</span> <span class='ocrx_word' id='word_1_232' title='bbox 709 2901 958 2941; x_wconf 86' lang='lat' dir='ltr'>Ducatorum</span> <span class='ocrx_word' id='word_1_233' title='bbox 989 2900 1201 2941; x_wconf 47' lang='lat' dir='ltr'>similiums</span> 
     </span>
     <span class='ocr_line' id='line_1_41' title="bbox 182 2949 1206 3008; baseline 0.003 -14"><span class='ocrx_word' id='word_1_234' title='bbox 182 2949 302 3007; x_wconf 87' lang='lat' dir='ltr'>super</span> <span class='ocrx_word' id='word_1_235' title='bbox 341 2954 535 3008; x_wconf 82' lang='lat' dir='ltr'>praemiffis</span> <span class='ocrx_word' id='word_1_236' title='bbox 564 2956 864 3007; x_wconf 85' lang='lat' dir='ltr'>concordavit,</span> <span class='ocrx_word' id='word_1_237' title='bbox 897 2957 1206 2999; x_wconf 85' lang='lat' dir='ltr'>confirmatione</span> 
     </span>
     <span class='ocr_line' id='line_1_42' title="bbox 180 3013 1207 3071; baseline 0.004 -19"><span class='ocrx_word' id='word_1_238' title='bbox 180 3013 409 3064; x_wconf 86' lang='lat' dir='ltr'>Apostolica</span> <span class='ocrx_word' id='word_1_239' title='bbox 437 3014 558 3056; x_wconf 87' lang='lat' dir='ltr'>etiam</span> <span class='ocrx_word' id='word_1_240' title='bbox 594 3015 766 3071; x_wconf 79' lang='lat' dir='ltr'>desuper</span> <span class='ocrx_word' id='word_1_241' title='bbox 789 3015 1021 3067; x_wconf 64' lang='lat' dir='ltr'>substenta,</span> <span class='ocrx_word' id='word_1_242' title='bbox 1042 3018 1079 3058; x_wconf 90' lang='lat'>&amp;</span> <span class='ocrx_word' id='word_1_243' title='bbox 1112 3028 1207 3057; x_wconf 86' lang='lat' dir='ltr'>exe-</span> 
     </span>
     <span class='ocr_line' id='line_1_43' title="bbox 182 3069 1205 3129; baseline 0.005 -21"><span class='ocrx_word' id='word_1_244' title='bbox 182 3069 336 3112; x_wconf 89' lang='lat' dir='ltr'>cutioni</span> <span class='ocrx_word' id='word_1_245' title='bbox 379 3071 652 3115; x_wconf 58' lang='lat' dir='ltr'>demandati.</span> <span class='ocrx_word' id='word_1_246' title='bbox 696 3075 852 3118; x_wconf 74' lang='lat' dir='ltr'>Verum</span> <span class='ocrx_word' id='word_1_247' title='bbox 883 3076 1015 3129; x_wconf 88' lang='lat' dir='ltr'>postea</span> <span class='ocrx_word' id='word_1_248' title='bbox 1056 3075 1128 3116; x_wconf 90' lang='lat' dir='ltr'>lite</span> <span class='ocrx_word' id='word_1_249' title='bbox 1167 3074 1205 3113; x_wconf 66' lang='grc' dir='ltr'>ὃς</span> 
     </span>
     <span class='ocr_line' id='line_1_44' title="bbox 182 3127 1202 3190; baseline 0.003 -22"><span class='ocrx_word' id='word_1_250' title='bbox 182 3127 299 3171; x_wconf 90' lang='lat' dir='ltr'>causa</span> <span class='ocrx_word' id='word_1_251' title='bbox 323 3129 374 3171; x_wconf 90' lang='lat' dir='ltr'>de</span> <span class='ocrx_word' id='word_1_252' title='bbox 400 3155 428 3164; x_wconf 93' lang='lat'><em>-</em></span> <span class='ocrx_word' id='word_1_253' title='bbox 450 3133 486 3171; x_wconf 86' lang='lat'>&amp;</span> <span class='ocrx_word' id='word_1_254' title='bbox 513 3132 624 3187; x_wconf 86' lang='lat' dir='ltr'>super</span> <span class='ocrx_word' id='word_1_255' title='bbox 654 3134 875 3175; x_wconf 78' lang='lat' dir='ltr'>concordia</span> <span class='ocrx_word' id='word_1_256' title='bbox 909 3132 1132 3190; x_wconf 86' lang='lat' dir='ltr'>hujusmodi</span> <span class='ocrx_word' id='word_1_257' title='bbox 1164 3132 1202 3171; x_wconf 88' lang='lat' dir='ltr'>in</span> 
     </span>
     <span class='ocr_line' id='line_1_45' title="bbox 182 3186 1203 3242; baseline 0.002 -16"><span class='ocrx_word' id='word_1_258' title='bbox 182 3186 827 3242; x_wconf 76' lang='lat' dir='ltr'>C‹.›ngregationeVenerabilium</span> <span class='ocrx_word' id='word_1_259' title='bbox 849 3195 1031 3235; x_wconf 83' lang='lat' dir='ltr'>Fratrum</span> <span class='ocrx_word' id='word_1_260' title='bbox 1056 3189 1203 3232; x_wconf 87' lang='lat' dir='ltr'>nostro—</span> 
     </span>
     <span class='ocr_line' id='line_1_46' title="bbox 182 3248 1202 3293; baseline 0.003 -9"><span class='ocrx_word' id='word_1_261' title='bbox 182 3257 272 3285; x_wconf 88' lang='lat' dir='ltr'>rum</span> <span class='ocrx_word' id='word_1_262' title='bbox 300 3248 447 3287; x_wconf 61' lang='lat' dir='ltr'>Sant‘tae</span> <span class='ocrx_word' id='word_1_263' title='bbox 479 3249 666 3290; x_wconf 81' lang='lat' dir='ltr'>Romanae</span> <span class='ocrx_word' id='word_1_264' title='bbox 703 3250 888 3292; x_wconf 85' lang='lat' dir='ltr'>Ecclefiae</span> <span class='ocrx_word' id='word_1_265' title='bbox 922 3249 1202 3293; x_wconf 88' lang='lat' dir='ltr'>Cardinalium</span> 
     </span>
     <span class='ocr_line' id='line_1_47' title="bbox 182 3304 1203 3362; baseline 0.001 -18"><span class='ocrx_word' id='word_1_266' title='bbox 182 3304 352 3357; x_wconf 85' lang='lat' dir='ltr'>negotiis</span> <span class='ocrx_word' id='word_1_267' title='bbox 387 3304 650 3358; x_wconf 83' lang='lat' dir='ltr'>Regularium</span> <span class='ocrx_word' id='word_1_268' title='bbox 685 3307 984 3362; x_wconf 70' lang='lat' dir='ltr'>praepositorum</span> <span class='ocrx_word' id='word_1_269' title='bbox 1021 3306 1203 3349; x_wconf 89' lang='lat' dir='ltr'>introdu-</span> 
     </span>
     <span class='ocr_line' id='line_1_48' title="bbox 181 3361 1200 3421; baseline 0.002 -19"><span class='ocrx_word' id='word_1_270' title='bbox 181 3361 272 3413; x_wconf 68' lang='lat' dir='ltr'>cta,</span> <span class='ocrx_word' id='word_1_271' title='bbox 303 3362 523 3404; x_wconf 71' lang='lat' dir='ltr'>resolutum</span> <span class='ocrx_word' id='word_1_272' title='bbox 556 3362 663 3414; x_wconf 69' lang='lat' dir='ltr'>fuit,</span> <span class='ocrx_word' id='word_1_273' title='bbox 691 3366 947 3408; x_wconf 87' lang='lat' dir='ltr'>concordiam</span> <span class='ocrx_word' id='word_1_274' title='bbox 980 3367 1098 3421; x_wconf 82' lang='lat' dir='ltr'>ipsam</span> <span class='ocrx_word' id='word_1_275' title='bbox 1123 3363 1200 3407; x_wconf 79' lang='lat' dir='ltr'>esse</span> 
     </span>
     <span class='ocr_line' id='line_1_49' title="bbox 180 3420 1202 3478; baseline 0.001 -16"><span class='ocrx_word' id='word_1_276' title='bbox 180 3420 335 3463; x_wconf 89' lang='lat' dir='ltr'>nullam</span> <span class='ocrx_word' id='word_1_277' title='bbox 354 3449 368 3472; x_wconf 91' lang='lat'>,</span> <span class='ocrx_word' id='word_1_278' title='bbox 397 3433 538 3464; x_wconf 88' lang='lat' dir='ltr'>contra</span> <span class='ocrx_word' id='word_1_279' title='bbox 562 3423 690 3474; x_wconf 79' lang='lat' dir='ltr'>vero,</span> <span class='ocrx_word' id='word_1_280' title='bbox 713 3424 818 3478; x_wconf 90' lang='lat' dir='ltr'>quod</span> <span class='ocrx_word' id='word_1_281' title='bbox 841 3424 933 3465; x_wconf 66' lang='lat' dir='ltr'>disti</span> <span class='ocrx_word' id='word_1_282' title='bbox 955 3427 1116 3466; x_wconf 83' lang='lat' dir='ltr'>Fratres</span> <span class='ocrx_word' id='word_1_283' title='bbox 1146 3422 1202 3463; x_wconf 84' lang='lat' dir='ltr'>fa-</span> 
     </span>
     <span class='ocr_line' id='line_1_50' title="bbox 180 3478 1203 3535; baseline 0.005 -16"><span class='ocrx_word' id='word_1_284' title='bbox 180 3478 334 3524; x_wconf 86' lang='lat' dir='ltr'>bricam</span> <span class='ocrx_word' id='word_1_285' title='bbox 360 3480 471 3522; x_wconf 68' lang='lat' dir='ltr'>dieiae</span> <span class='ocrx_word' id='word_1_286' title='bbox 496 3480 648 3522; x_wconf 75' lang='lat' dir='ltr'>Domiis</span> <span class='ocrx_word' id='word_1_287' title='bbox 672 3482 722 3523; x_wconf 87' lang='lat' dir='ltr'>ad</span> <span class='ocrx_word' id='word_1_288' title='bbox 750 3482 928 3524; x_wconf 90' lang='lat' dir='ltr'>debitum</span> <span class='ocrx_word' id='word_1_289' title='bbox 946 3481 1062 3525; x_wconf 86' lang='lat' dir='ltr'>finem</span> <span class='ocrx_word' id='word_1_290' title='bbox 1078 3510 1091 3533; x_wconf 91' lang='lat'>,</span> <span class='ocrx_word' id='word_1_291' title='bbox 1119 3480 1203 3535; x_wconf 87' lang='lat' dir='ltr'>jux-</span> 
     </span>
     <span class='ocr_line' id='line_1_51' title="bbox 181 3540 1204 3596; baseline 0.001 -18"><span class='ocrx_word' id='word_1_292' title='bbox 181 3546 223 3578; x_wconf 88' lang='lat' dir='ltr'>ta</span> <span class='ocrx_word' id='word_1_293' title='bbox 249 3552 391 3582; x_wconf 89' lang='lat' dir='ltr'>eorum</span> <span class='ocrx_word' id='word_1_294' title='bbox 405 3541 754 3591; x_wconf 87' lang='lat' dir='ltr'>Constitutiones,</span> <span class='ocrx_word' id='word_1_295' title='bbox 782 3543 819 3582; x_wconf 70' lang='grc' dir='ltr'>δι</span> <span class='ocrx_word' id='word_1_296' title='bbox 847 3541 1030 3582; x_wconf 79' lang='lat' dir='ltr'>Instituta</span> <span class='ocrx_word' id='word_1_297' title='bbox 1058 3540 1204 3596; x_wconf 78' lang='lat' dir='ltr'>perdu-</span> 
     </span>
     <span class='ocr_line' id='line_1_52' title="bbox 180 3598 1202 3648; baseline 0.004 -12"><span class='ocrx_word' id='word_1_298' title='bbox 180 3598 354 3648; x_wconf 80' lang='lat' dir='ltr'>cerent,</span> <span class='ocrx_word' id='word_1_299' title='bbox 379 3600 419 3638; x_wconf 91' lang='lat'>&amp;</span> <span class='ocrx_word' id='word_1_300' title='bbox 442 3612 525 3641; x_wconf 91' lang='lat' dir='ltr'>non</span> <span class='ocrx_word' id='word_1_301' title='bbox 556 3599 652 3642; x_wconf 72' lang='lat' dir='ltr'>alias</span> <span class='ocrx_word' id='word_1_302' title='bbox 671 3628 681 3638; x_wconf 90' lang='lat'><strong>.</strong></span> <span class='ocrx_word' id='word_1_303' title='bbox 715 3599 938 3642; x_wconf 71' lang='lat' dir='ltr'>Succeffive</span> <span class='ocrx_word' id='word_1_304' title='bbox 969 3602 1068 3642; x_wconf 77' lang='lat' dir='ltr'>vero</span> <span class='ocrx_word' id='word_1_305' title='bbox 1096 3598 1202 3640; x_wconf 60' lang='grc' dir='ltr'>ἀι.»</span> 
     </span>
     <span class='ocr_line' id='line_1_53' title="bbox 179 3656 1202 3711; baseline 0.001 -16"><span class='ocrx_word' id='word_1_306' title='bbox 179 3667 284 3696; x_wconf 90' lang='lat' dir='ltr'>anno</span> <span class='ocrx_word' id='word_1_307' title='bbox 312 3656 432 3711; x_wconf 81' lang='lat'>1629.</span> <span class='ocrx_word' id='word_1_308' title='bbox 459 3656 639 3699; x_wconf 66' lang='lat' dir='ltr'>Dilectus</span> <span class='ocrx_word' id='word_1_309' title='bbox 666 3658 786 3701; x_wconf 90' lang='lat' dir='ltr'>Filius</span> <span class='ocrx_word' id='word_1_310' title='bbox 817 3657 997 3711; x_wconf 86' lang='lat' dir='ltr'>AEgidius</span> <span class='ocrx_word' id='word_1_311' title='bbox 1023 3657 1075 3698; x_wconf 88' lang='lat' dir='ltr'>de</span> <span class='ocrx_word' id='word_1_312' title='bbox 1105 3659 1202 3697; x_wconf 89' lang='lat' dir='ltr'>San-</span> 
     </span>
    </p>
   </div>
   <div class='ocr_carea' id='block_1_16' title="bbox 1263 959 2321 3711">
    <p class='ocr_par' dir='ltr' id='par_1_18' title="bbox 1290 959 2321 1307">
     <span class='ocr_line' id='line_1_54' title="bbox 1296 959 2321 1021; baseline 0.006 -19"><span class='ocrx_word' id='word_1_313' title='bbox 1296 959 1449 1003; x_wconf 76' lang='lat' dir='ltr'>Domfis</span> <span class='ocrx_word' id='word_1_314' title='bbox 1475 962 1670 1017; x_wconf 67' lang='lat' dir='ltr'>praedietae</span> <span class='ocrx_word' id='word_1_315' title='bbox 1698 963 1925 1006; x_wconf 81' lang='lat' dir='ltr'>vifitatione</span> <span class='ocrx_word' id='word_1_316' title='bbox 1942 990 1956 1011; x_wconf 80' lang='lat'>,</span> <span class='ocrx_word' id='word_1_317' title='bbox 1986 963 2240 1021; x_wconf 66' lang='lat' dir='ltr'>inspeftzique</span> <span class='ocrx_word' id='word_1_318' title='bbox 2267 967 2321 1009; x_wconf 88' lang='lat' dir='ltr'>il-</span> 
     </span>
     <span class='ocr_line' id='line_1_55' title="bbox 1294 1018 2320 1077; baseline 0.007 -16"><span class='ocrx_word' id='word_1_319' title='bbox 1294 1019 1371 1062; x_wconf 88' lang='lat' dir='ltr'>lius</span> <span class='ocrx_word' id='word_1_320' title='bbox 1394 1018 1542 1062; x_wconf 89' lang='lat' dir='ltr'>fabrica</span> <span class='ocrx_word' id='word_1_321' title='bbox 1557 1050 1574 1072; x_wconf 88' lang='lat'>,</span> <span class='ocrx_word' id='word_1_322' title='bbox 1597 1024 1636 1062; x_wconf 90' lang='lat'>&amp;</span> <span class='ocrx_word' id='word_1_323' title='bbox 1658 1024 1763 1077; x_wconf 89' lang='lat' dir='ltr'>quod</span> <span class='ocrx_word' id='word_1_324' title='bbox 1790 1024 1994 1076; x_wconf 84' lang='lat' dir='ltr'>supererat</span> <span class='ocrx_word' id='word_1_325' title='bbox 2012 1023 2320 1077; x_wconf 86' lang='lat' dir='ltr'>perficiendum,</span> 
     </span>
     <span class='ocr_line' id='line_1_56' title="bbox 1294 1077 2321 1136; baseline 0.005 -16"><span class='ocrx_word' id='word_1_326' title='bbox 1294 1093 1460 1134; x_wconf 82' lang='lat' dir='ltr'>quaeque</span> <span class='ocrx_word' id='word_1_327' title='bbox 1487 1077 1583 1122; x_wconf 85' lang='lat' dir='ltr'>effet</span> <span class='ocrx_word' id='word_1_328' title='bbox 1606 1080 1723 1136; x_wconf 82' lang='lat' dir='ltr'>ipsius</span> <span class='ocrx_word' id='word_1_329' title='bbox 1751 1080 1902 1122; x_wconf 77' lang='lat' dir='ltr'>Domfis</span> <span class='ocrx_word' id='word_1_330' title='bbox 1926 1080 2130 1124; x_wconf 81' lang='lat' dir='ltr'>neceffitas</span> <span class='ocrx_word' id='word_1_331' title='bbox 2148 1110 2160 1129; x_wconf 84' lang='lat'>,</span> <span class='ocrx_word' id='word_1_332' title='bbox 2187 1094 2321 1126; x_wconf 87' lang='lat' dir='ltr'>matu-</span> 
     </span>
     <span class='ocr_line' id='line_1_57' title="bbox 1291 1136 2318 1194; baseline 0.006 -16"><span class='ocrx_word' id='word_1_333' title='bbox 1291 1137 1339 1178; x_wconf 78' lang='lat' dir='ltr'>re</span> <span class='ocrx_word' id='word_1_334' title='bbox 1367 1136 1624 1181; x_wconf 85' lang='lat' dir='ltr'>confiderato</span> <span class='ocrx_word' id='word_1_335' title='bbox 1643 1167 1658 1190; x_wconf 89' lang='lat'>,</span> <span class='ocrx_word' id='word_1_336' title='bbox 1688 1138 1738 1180; x_wconf 93' lang='lat' dir='ltr'>ad</span> <span class='ocrx_word' id='word_1_337' title='bbox 1768 1136 2062 1194; x_wconf 84' lang='lat' dir='ltr'>infrascriptam</span> <span class='ocrx_word' id='word_1_338' title='bbox 2093 1147 2183 1182; x_wconf 84' lang='lat' dir='ltr'>cum</span> <span class='ocrx_word' id='word_1_339' title='bbox 2211 1143 2318 1184; x_wconf 63' lang='lat' dir='ltr'>dieto</span> 
     </span>
     <span class='ocr_line' id='line_1_58' title="bbox 1294 1195 2318 1249; baseline 0.004 -10"><span class='ocrx_word' id='word_1_340' title='bbox 1294 1197 1427 1239; x_wconf 88' lang='lat' dir='ltr'>Mutio</span> <span class='ocrx_word' id='word_1_341' title='bbox 1475 1195 1642 1240; x_wconf 73' lang='lat' dir='ltr'>devenit</span> <span class='ocrx_word' id='word_1_342' title='bbox 1675 1198 1937 1241; x_wconf 86' lang='lat' dir='ltr'>concordiam</span> <span class='ocrx_word' id='word_1_343' title='bbox 1963 1226 1977 1249; x_wconf 90' lang='lat'>,</span> <span class='ocrx_word' id='word_1_344' title='bbox 2019 1199 2060 1239; x_wconf 88' lang='lat'>&amp;</span> <span class='ocrx_word' id='word_1_345' title='bbox 2087 1202 2318 1243; x_wconf 67' lang='lat' dir='ltr'>transacitio-</span> 
     </span>
     <span class='ocr_line' id='line_1_59' title="bbox 1290 1256 1913 1307; baseline 0.003 -10"><span class='ocrx_word' id='word_1_346' title='bbox 1290 1268 1414 1307; x_wconf 85' lang='lat' dir='ltr'>nem,</span> <span class='ocrx_word' id='word_1_347' title='bbox 1447 1256 1673 1299; x_wconf 86' lang='lat' dir='ltr'>videlicet:</span> <span class='ocrx_word' id='word_1_348' title='bbox 1910 1288 1913 1291; x_wconf 77' lang='lat'>,</span> 
     </span>
    </p>

    <p class='ocr_par' dir='ltr' id='par_1_19' title="bbox 1278 1314 2319 2136">
     <span class='ocr_line' id='line_1_60' title="bbox 1347 1314 2319 1372; baseline 0.004 -16"><span class='ocrx_word' id='word_1_349' title='bbox 1347 1317 1453 1356; x_wconf 90' lang='lat' dir='ltr'>Cum</span> <span class='ocrx_word' id='word_1_350' title='bbox 1478 1314 1616 1372; x_wconf 87' lang='lat' dir='ltr'>elapso</span> <span class='ocrx_word' id='word_1_351' title='bbox 1642 1315 1778 1358; x_wconf 89' lang='lat' dir='ltr'>mense</span> <span class='ocrx_word' id='word_1_352' title='bbox 1807 1316 2059 1372; x_wconf 84' lang='lat' dir='ltr'>Septembris</span> <span class='ocrx_word' id='word_1_353' title='bbox 2085 1330 2163 1371; x_wconf 88' lang='lat' dir='ltr'>ego</span> <span class='ocrx_word' id='word_1_354' title='bbox 2192 1315 2319 1360; x_wconf 85' lang='lat' dir='ltr'>infra-</span> 
     </span>
     <span class='ocr_line' id='line_1_61' title="bbox 1291 1372 2316 1432; baseline 0.004 -18"><span class='ocrx_word' id='word_1_355' title='bbox 1291 1372 1459 1428; x_wconf 86' lang='lat' dir='ltr'>scriptus</span> <span class='ocrx_word' id='word_1_356' title='bbox 1488 1375 1682 1417; x_wconf 76' lang='lat' dir='ltr'>Visitator</span> <span class='ocrx_word' id='word_1_357' title='bbox 1721 1375 1938 1417; x_wconf 88' lang='lat' dir='ltr'>Generalis</span> <span class='ocrx_word' id='word_1_358' title='bbox 1964 1377 2149 1417; x_wconf 85' lang='lat' dir='ltr'>Fratrum</span> <span class='ocrx_word' id='word_1_359' title='bbox 2176 1380 2316 1432; x_wconf 88' lang='lat' dir='ltr'>Capu-</span> 
     </span>
     <span class='ocr_line' id='line_1_62' title="bbox 1285 1432 2311 1488; baseline 0.005 -15"><span class='ocrx_word' id='word_1_360' title='bbox 1285 1432 1470 1473; x_wconf 88' lang='lat' dir='ltr'>cinorum</span> <span class='ocrx_word' id='word_1_361' title='bbox 1505 1433 1620 1488; x_wconf 87' lang='lat' dir='ltr'>hujus</span> <span class='ocrx_word' id='word_1_362' title='bbox 1656 1434 1873 1476; x_wconf 86' lang='lat' dir='ltr'>Provinciae</span> <span class='ocrx_word' id='word_1_363' title='bbox 1917 1433 2147 1476; x_wconf 88' lang='lat' dir='ltr'>Cosentinae</span> <span class='ocrx_word' id='word_1_364' title='bbox 2179 1449 2311 1478; x_wconf 66' lang='lat' dir='ltr'>cum-2</span> 
     </span>
     <span class='ocr_line' id='line_1_63' title="bbox 1287 1492 2314 1547; baseline 0.004 -15"><span class='ocrx_word' id='word_1_365' title='bbox 1287 1492 1341 1532; x_wconf 91' lang='lat' dir='ltr'>D.</span> <span class='ocrx_word' id='word_1_366' title='bbox 1369 1492 1505 1533; x_wconf 89' lang='lat' dir='ltr'>Mutio</span> <span class='ocrx_word' id='word_1_367' title='bbox 1543 1492 1718 1534; x_wconf 81' lang='lat' dir='ltr'>Caballo</span> <span class='ocrx_word' id='word_1_368' title='bbox 1750 1493 1788 1534; x_wconf 89' lang='lat' dir='ltr'>in</span> <span class='ocrx_word' id='word_1_369' title='bbox 1826 1496 1934 1534; x_wconf 86' lang='lat' dir='ltr'>Loco</span> <span class='ocrx_word' id='word_1_370' title='bbox 1975 1494 2314 1547; x_wconf 81' lang='lat' dir='ltr'>Capucinorum.›</span> 
     </span>
     <span class='ocr_line' id='line_1_64' title="bbox 1286 1550 2310 1594; baseline 0.004 -4"><span class='ocrx_word' id='word_1_371' title='bbox 1286 1551 1493 1591; x_wconf 85' lang='lat' dir='ltr'>Amanteae</span> <span class='ocrx_word' id='word_1_372' title='bbox 1520 1550 1569 1591; x_wconf 88' lang='lat' dir='ltr'>ad</span> <span class='ocrx_word' id='word_1_373' title='bbox 1594 1552 1845 1593; x_wconf 66' lang='lat' dir='ltr'>traetandum</span> <span class='ocrx_word' id='word_1_374' title='bbox 1862 1550 2020 1592; x_wconf 87' lang='lat' dir='ltr'>fabricae</span> <span class='ocrx_word' id='word_1_375' title='bbox 2036 1551 2141 1593; x_wconf 76' lang='lat' dir='ltr'>illius</span> <span class='ocrx_word' id='word_1_376' title='bbox 2161 1551 2310 1594; x_wconf 74' lang='lat' dir='ltr'>Domtis</span> 
     </span>
     <span class='ocr_line' id='line_1_65' title="bbox 1287 1607 2314 1663; baseline 0.006 -16"><span class='ocrx_word' id='word_1_377' title='bbox 1287 1609 1491 1661; x_wconf 87' lang='lat' dir='ltr'>negotium</span> <span class='ocrx_word' id='word_1_378' title='bbox 1530 1607 1800 1650; x_wconf 80' lang='lat' dir='ltr'>convenissem</span> <span class='ocrx_word' id='word_1_379' title='bbox 1824 1637 1838 1659; x_wconf 88' lang='lat'>,</span> <span class='ocrx_word' id='word_1_380' title='bbox 1870 1619 1914 1650; x_wconf 91' lang='lat' dir='ltr'>ut</span> <span class='ocrx_word' id='word_1_381' title='bbox 1948 1607 2198 1663; x_wconf 83' lang='lat' dir='ltr'>agendorum</span> <span class='ocrx_word' id='word_1_382' title='bbox 2227 1622 2314 1653; x_wconf 89' lang='lat' dir='ltr'>ter-</span> 
     </span>
     <span class='ocr_line' id='line_1_66' title="bbox 1283 1667 2309 1722; baseline 0.002 -15"><span class='ocrx_word' id='word_1_383' title='bbox 1283 1667 1415 1708; x_wconf 88' lang='lat' dir='ltr'>minus</span> <span class='ocrx_word' id='word_1_384' title='bbox 1437 1667 1476 1707; x_wconf 88' lang='lat'>&amp;</span> <span class='ocrx_word' id='word_1_385' title='bbox 1498 1668 1637 1721; x_wconf 89' lang='lat' dir='ltr'>regula</span> <span class='ocrx_word' id='word_1_386' title='bbox 1654 1697 1669 1718; x_wconf 90' lang='lat'>,</span> <span class='ocrx_word' id='word_1_387' title='bbox 1697 1681 1782 1722; x_wconf 90' lang='lat' dir='ltr'>quae</span> <span class='ocrx_word' id='word_1_388' title='bbox 1807 1668 1974 1710; x_wconf 84' lang='lat' dir='ltr'>alterari</span> <span class='ocrx_word' id='word_1_389' title='bbox 2000 1681 2079 1708; x_wconf 91' lang='lat' dir='ltr'>non</span> <span class='ocrx_word' id='word_1_390' title='bbox 2109 1667 2309 1720; x_wconf 82' lang='lat' dir='ltr'>deberet,</span> 
     </span>
     <span class='ocr_line' id='line_1_67' title="bbox 1283 1723 2313 1781; baseline 0.002 -15"><span class='ocrx_word' id='word_1_391' title='bbox 1283 1726 1323 1766; x_wconf 73' lang='grc' dir='ltr'>δι</span> <span class='ocrx_word' id='word_1_392' title='bbox 1343 1726 1449 1766; x_wconf 88' lang='lat' dir='ltr'>circa</span> <span class='ocrx_word' id='word_1_393' title='bbox 1472 1739 1589 1781; x_wconf 86' lang='lat' dir='ltr'>quam</span> <span class='ocrx_word' id='word_1_394' title='bbox 1617 1726 1747 1768; x_wconf 85' lang='lat' dir='ltr'>nullus</span> <span class='ocrx_word' id='word_1_395' title='bbox 1778 1723 1934 1781; x_wconf 76' lang='lat' dir='ltr'>gravari</span> <span class='ocrx_word' id='word_1_396' title='bbox 1962 1726 2152 1777; x_wconf 83' lang='lat' dir='ltr'>valeret,</span> <span class='ocrx_word' id='word_1_397' title='bbox 2184 1726 2313 1781; x_wconf 83' lang='lat' dir='ltr'>praefi-</span> 
     </span>
     <span class='ocr_line' id='line_1_68' title="bbox 1283 1785 2311 1841; baseline 0.003 -16"><span class='ocrx_word' id='word_1_398' title='bbox 1283 1794 1478 1839; x_wconf 84' lang='lat' dir='ltr'>geretur,</span> <span class='ocrx_word' id='word_1_399' title='bbox 1512 1786 1678 1841; x_wconf 77' lang='lat' dir='ltr'>visisque</span> <span class='ocrx_word' id='word_1_400' title='bbox 1704 1795 1791 1827; x_wconf 93' lang='lat' dir='ltr'>tum</span> <span class='ocrx_word' id='word_1_401' title='bbox 1816 1785 1911 1827; x_wconf 67' lang='lat' dir='ltr'>die&#39;ti</span> <span class='ocrx_word' id='word_1_402' title='bbox 1940 1788 1992 1826; x_wconf 90' lang='lat' dir='ltr'>D.</span> <span class='ocrx_word' id='word_1_403' title='bbox 2011 1786 2128 1827; x_wconf 86' lang='lat' dir='ltr'>Mutii</span> <span class='ocrx_word' id='word_1_404' title='bbox 2158 1788 2311 1837; x_wconf 85' lang='lat' dir='ltr'>animo,</span> 
     </span>
     <span class='ocr_line' id='line_1_69' title="bbox 1284 1842 2310 1899; baseline 0.002 -15"><span class='ocrx_word' id='word_1_405' title='bbox 1284 1845 1388 1884; x_wconf 89' lang='lat' dir='ltr'>bene</span> <span class='ocrx_word' id='word_1_406' title='bbox 1411 1842 1600 1896; x_wconf 78' lang='lat' dir='ltr'>dispofito</span> <span class='ocrx_word' id='word_1_407' title='bbox 1616 1873 1630 1895; x_wconf 85' lang='lat'>,</span> <span class='ocrx_word' id='word_1_408' title='bbox 1654 1853 1738 1885; x_wconf 86' lang='lat' dir='ltr'>tum</span> <span class='ocrx_word' id='word_1_409' title='bbox 1768 1844 1842 1895; x_wconf 89' lang='lat' dir='ltr'>iis,</span> <span class='ocrx_word' id='word_1_410' title='bbox 1869 1858 1951 1899; x_wconf 81' lang='lat' dir='ltr'>quae</span> <span class='ocrx_word' id='word_1_411' title='bbox 1977 1858 2051 1899; x_wconf 93' lang='lat' dir='ltr'>pro</span> <span class='ocrx_word' id='word_1_412' title='bbox 2073 1845 2310 1888; x_wconf 85' lang='lat' dir='ltr'>diminutio-</span> 
     </span>
     <span class='ocr_line' id='line_1_70' title="bbox 1280 1901 2311 1956; baseline 0.002 -13"><span class='ocrx_word' id='word_1_413' title='bbox 1280 1914 1331 1943; x_wconf 93' lang='lat' dir='ltr'>ne</span> <span class='ocrx_word' id='word_1_414' title='bbox 1359 1901 1623 1956; x_wconf 86' lang='lat' dir='ltr'>expensarum</span> <span class='ocrx_word' id='word_1_415' title='bbox 1662 1903 1833 1945; x_wconf 82' lang='lat' dir='ltr'>relaxari</span> <span class='ocrx_word' id='word_1_416' title='bbox 1862 1903 2065 1944; x_wconf 89' lang='lat' dir='ltr'>deberent</span> <span class='ocrx_word' id='word_1_417' title='bbox 2085 1930 2099 1952; x_wconf 87' lang='lat'>,</span> <span class='ocrx_word' id='word_1_418' title='bbox 2127 1902 2311 1945; x_wconf 64' lang='lat' dir='ltr'>attenta-</span> 
     </span>
     <span class='ocr_line' id='line_1_71' title="bbox 1279 1960 2307 2016; baseline 0.001 -15"><span class='ocrx_word' id='word_1_419' title='bbox 1279 1970 1358 2012; x_wconf 87' lang='lat' dir='ltr'>que</span> <span class='ocrx_word' id='word_1_420' title='bbox 1373 1961 1676 2014; x_wconf 88' lang='lat' dir='ltr'>Capucinorum</span> <span class='ocrx_word' id='word_1_421' title='bbox 1698 1961 1951 2016; x_wconf 73' lang='lat' dir='ltr'>praefatorum</span> <span class='ocrx_word' id='word_1_422' title='bbox 1980 1960 2216 2004; x_wconf 69' lang='lat' dir='ltr'>necessitate</span> <span class='ocrx_word' id='word_1_423' title='bbox 2231 1991 2245 2013; x_wconf 93' lang='lat'>,</span> <span class='ocrx_word' id='word_1_424' title='bbox 2260 1976 2307 2004; x_wconf 87' lang='lat' dir='ltr'>ac</span> 
     </span>
     <span class='ocr_line' id='line_1_72' title="bbox 1278 2017 2309 2074; baseline 0.004 -16"><span class='ocrx_word' id='word_1_425' title='bbox 1278 2017 1423 2060; x_wconf 85' lang='lat' dir='ltr'>auditis</span> <span class='ocrx_word' id='word_1_426' title='bbox 1457 2019 1506 2059; x_wconf 91' lang='lat' dir='ltr'>P.</span> <span class='ocrx_word' id='word_1_427' title='bbox 1528 2020 1767 2063; x_wconf 89' lang='lat' dir='ltr'>Guardiano</span> <span class='ocrx_word' id='word_1_428' title='bbox 1796 2022 1925 2066; x_wconf 83' lang='lat' dir='ltr'>Loci,</span> <span class='ocrx_word' id='word_1_429' title='bbox 1957 2019 2125 2074; x_wconf 87' lang='lat' dir='ltr'>aliisque</span> <span class='ocrx_word' id='word_1_430' title='bbox 2153 2020 2309 2071; x_wconf 33' lang='lat' dir='ltr'>Fratri-¹</span> 
     </span>
     <span class='ocr_line' id='line_1_73' title="bbox 1283 2075 2219 2136; baseline 0.001 -17"><span class='ocrx_word' id='word_1_431' title='bbox 1283 2078 1382 2128; x_wconf 87' lang='lat' dir='ltr'>bus,</span> <span class='ocrx_word' id='word_1_432' title='bbox 1416 2075 1466 2118; x_wconf 88' lang='lat' dir='ltr'>ad</span> <span class='ocrx_word' id='word_1_433' title='bbox 1494 2077 1708 2136; x_wconf 82' lang='lat' dir='ltr'>sequentes</span> <span class='ocrx_word' id='word_1_434' title='bbox 1732 2078 1970 2121; x_wconf 86' lang='lat' dir='ltr'>devenimus</span> <span class='ocrx_word' id='word_1_435' title='bbox 1999 2079 2219 2120; x_wconf 88' lang='lat' dir='ltr'>articulos:</span> 
     </span>
    </p>

    <p class='ocr_par' dir='ltr' id='par_1_20' title="bbox 1275 2134 2310 2715">
     <span class='ocr_line' id='line_1_74' title="bbox 1338 2134 2310 2192; baseline 0.001 -13"><span class='ocrx_word' id='word_1_436' title='bbox 1338 2139 1394 2179; x_wconf 92' lang='lat' dir='ltr'>Ut</span> <span class='ocrx_word' id='word_1_437' title='bbox 1420 2134 1817 2188; x_wconf 81' lang='lat' dir='ltr'>fabrica&#39;Ecclefiae,</span> <span class='ocrx_word' id='word_1_438' title='bbox 1846 2151 1935 2179; x_wconf 89' lang='lat' dir='ltr'>cum</span> <span class='ocrx_word' id='word_1_439' title='bbox 1961 2138 2147 2182; x_wconf 90' lang='lat' dir='ltr'>omnibus</span> <span class='ocrx_word' id='word_1_440' title='bbox 2175 2138 2310 2192; x_wconf 88' lang='lat' dir='ltr'>requi·</span> 
     </span>
     <span class='ocr_line' id='line_1_75' title="bbox 1280 2194 2305 2250; baseline 0.004 -16"><span class='ocrx_word' id='word_1_441' title='bbox 1280 2194 1391 2247; x_wconf 88' lang='lat' dir='ltr'>fitis,</span> <span class='ocrx_word' id='word_1_442' title='bbox 1419 2210 1504 2250; x_wconf 88' lang='lat' dir='ltr'>quae</span> <span class='ocrx_word' id='word_1_443' title='bbox 1529 2195 1757 2248; x_wconf 84' lang='lat' dir='ltr'>deficiunt,</span> <span class='ocrx_word' id='word_1_444' title='bbox 1784 2197 2056 2245; x_wconf 84' lang='lat' dir='ltr'>terminetur,</span> <span class='ocrx_word' id='word_1_445' title='bbox 2075 2195 2305 2239; x_wconf 82' lang='lat' dir='ltr'>Crucifixus</span> 
     </span>
     <span class='ocr_line' id='line_1_76' title="bbox 1281 2252 2304 2307; baseline 0.002 -14"><span class='ocrx_word' id='word_1_446' title='bbox 1281 2252 1320 2293; x_wconf 90' lang='lat' dir='ltr'>in</span> <span class='ocrx_word' id='word_1_447' title='bbox 1348 2266 1446 2295; x_wconf 89' lang='lat' dir='ltr'>arcu</span> <span class='ocrx_word' id='word_1_448' title='bbox 1474 2255 1598 2296; x_wconf 88' lang='lat' dir='ltr'>trabis</span> <span class='ocrx_word' id='word_1_449' title='bbox 1623 2255 1880 2307; x_wconf 84' lang='lat' dir='ltr'>collocetur,</span> <span class='ocrx_word' id='word_1_450' title='bbox 1910 2255 2102 2299; x_wconf 87' lang='lat' dir='ltr'>Custodia</span> <span class='ocrx_word' id='word_1_451' title='bbox 2129 2257 2168 2297; x_wconf 88' lang='lat'>&amp;</span> <span class='ocrx_word' id='word_1_452' title='bbox 2199 2256 2304 2297; x_wconf 85' lang='lat' dir='ltr'>Pixis</span> 
     </span>
     <span class='ocr_line' id='line_1_77' title="bbox 1280 2313 2306 2370; baseline 0.004 -19"><span class='ocrx_word' id='word_1_453' title='bbox 1280 2322 1504 2365; x_wconf 85' lang='lat' dir='ltr'>argentea,</span> <span class='ocrx_word' id='word_1_454' title='bbox 1532 2329 1575 2356; x_wconf 90' lang='lat' dir='ltr'>ac</span> <span class='ocrx_word' id='word_1_455' title='bbox 1601 2314 1725 2370; x_wconf 88' lang='lat' dir='ltr'>major</span> <span class='ocrx_word' id='word_1_456' title='bbox 1753 2313 1879 2370; x_wconf 84' lang='lat' dir='ltr'>figura</span> <span class='ocrx_word' id='word_1_457' title='bbox 1905 2313 2122 2355; x_wconf 74' lang='lat' dir='ltr'>secundum</span> <span class='ocrx_word' id='word_1_458' title='bbox 2158 2313 2306 2364; x_wconf 69' lang='lat' dir='ltr'>fronti--v</span> 
     </span>
     <span class='ocr_line' id='line_1_78' title="bbox 1280 2367 2301 2429; baseline 0.002 -19"><span class='ocrx_word' id='word_1_459' title='bbox 1280 2367 1445 2424; x_wconf 84' lang='lat' dir='ltr'>spicium</span> <span class='ocrx_word' id='word_1_460' title='bbox 1473 2371 1766 2424; x_wconf 85' lang='lat' dir='ltr'>conficiantur,</span> <span class='ocrx_word' id='word_1_461' title='bbox 1802 2373 1950 2426; x_wconf 81' lang='lat' dir='ltr'>lampas</span> <span class='ocrx_word' id='word_1_462' title='bbox 1976 2372 2086 2429; x_wconf 81' lang='lat' dir='ltr'>juxta</span> <span class='ocrx_word' id='word_1_463' title='bbox 2118 2372 2301 2427; x_wconf 89' lang='lat' dir='ltr'>pondus,</span> 
     </span>
     <span class='ocr_line' id='line_1_79' title="bbox 1277 2429 2301 2482; baseline 0 -12"><span class='ocrx_word' id='word_1_464' title='bbox 1277 2430 1314 2470; x_wconf 71' lang='grc' dir='ltr'>δι</span> <span class='ocrx_word' id='word_1_465' title='bbox 1340 2431 1513 2472; x_wconf 85' lang='lat' dir='ltr'>nostrum</span> <span class='ocrx_word' id='word_1_466' title='bbox 1534 2429 1696 2471; x_wconf 88' lang='lat' dir='ltr'>modum</span> <span class='ocrx_word' id='word_1_467' title='bbox 1714 2459 1727 2482; x_wconf 89' lang='lat'>,</span> <span class='ocrx_word' id='word_1_468' title='bbox 1754 2429 2020 2480; x_wconf 80' lang='lat' dir='ltr'>psalterium,</span> <span class='ocrx_word' id='word_1_469' title='bbox 2049 2431 2301 2472; x_wconf 86' lang='lat' dir='ltr'>Breviarium</span> 
     </span>
     <span class='ocr_line' id='line_1_80' title="bbox 1276 2489 2303 2542; baseline 0.002 -15"><span class='ocrx_word' id='word_1_470' title='bbox 1276 2501 1352 2541; x_wconf 89' lang='lat' dir='ltr'>pro</span> <span class='ocrx_word' id='word_1_471' title='bbox 1378 2490 1547 2539; x_wconf 83' lang='lat' dir='ltr'>Choro,</span> <span class='ocrx_word' id='word_1_472' title='bbox 1575 2491 1812 2531; x_wconf 74' lang='lat' dir='ltr'>Paramenta</span> <span class='ocrx_word' id='word_1_473' title='bbox 1848 2502 1924 2542; x_wconf 89' lang='lat' dir='ltr'>pro</span> <span class='ocrx_word' id='word_1_474' title='bbox 1953 2489 2082 2529; x_wconf 87' lang='lat' dir='ltr'>Altari</span> <span class='ocrx_word' id='word_1_475' title='bbox 2109 2515 2123 2537; x_wconf 93' lang='lat'>,</span> <span class='ocrx_word' id='word_1_476' title='bbox 2159 2489 2303 2530; x_wconf 73' lang='lat' dir='ltr'>Plane-</span> 
     </span>
     <span class='ocr_line' id='line_1_81' title="bbox 1277 2545 2300 2604; baseline 0.003 -18"><span class='ocrx_word' id='word_1_477' title='bbox 1277 2556 1325 2586; x_wconf 85' lang='lat' dir='ltr'>tae</span> <span class='ocrx_word' id='word_1_478' title='bbox 1354 2549 1430 2587; x_wconf 70' lang='grc' dir='ltr'>ἃς.</span> <span class='ocrx_word' id='word_1_479' title='bbox 1462 2546 1572 2604; x_wconf 83' lang='lat' dir='ltr'>juxta</span> <span class='ocrx_word' id='word_1_480' title='bbox 1597 2546 1896 2601; x_wconf 85' lang='lat' dir='ltr'>Capucinorum</span> <span class='ocrx_word' id='word_1_481' title='bbox 1920 2546 2057 2597; x_wconf 89' lang='lat' dir='ltr'>usum,</span> <span class='ocrx_word' id='word_1_482' title='bbox 2092 2547 2131 2585; x_wconf 88' lang='lat'>&amp;</span> <span class='ocrx_word' id='word_1_483' title='bbox 2156 2545 2300 2602; x_wconf 63' lang='lat' dir='ltr'>juxta-s</span> 
     </span>
     <span class='ocr_line' id='line_1_82' title="bbox 1278 2604 2298 2659; baseline 0 -13"><span class='ocrx_word' id='word_1_484' title='bbox 1278 2606 1507 2657; x_wconf 87' lang='lat' dir='ltr'>Rubricas,</span> <span class='ocrx_word' id='word_1_485' title='bbox 1535 2619 1624 2646; x_wconf 91' lang='lat' dir='ltr'>cum</span> <span class='ocrx_word' id='word_1_486' title='bbox 1658 2604 1878 2648; x_wconf 81' lang='lat' dir='ltr'>Miffalibus</span> <span class='ocrx_word' id='word_1_487' title='bbox 1908 2606 2169 2659; x_wconf 72' lang='lat' dir='ltr'>praestertur,</span> <span class='ocrx_word' id='word_1_488' title='bbox 2206 2618 2298 2646; x_wconf 89' lang='lat' dir='ltr'>cum</span> 
     </span>
     <span class='ocr_line' id='line_1_83' title="bbox 1275 2661 2197 2715; baseline -0.001 -11"><span class='ocrx_word' id='word_1_489' title='bbox 1275 2664 1353 2706; x_wconf 83' lang='lat' dir='ltr'>haec</span> <span class='ocrx_word' id='word_1_490' title='bbox 1383 2666 1515 2707; x_wconf 85' lang='lat' dir='ltr'>omnia</span> <span class='ocrx_word' id='word_1_491' title='bbox 1539 2662 1765 2715; x_wconf 84' lang='lat' dir='ltr'>deficiant,</span> <span class='ocrx_word' id='word_1_492' title='bbox 1793 2665 1832 2704; x_wconf 91' lang='lat'>&amp;</span> <span class='ocrx_word' id='word_1_493' title='bbox 1860 2663 1929 2705; x_wconf 79' lang='lat' dir='ltr'>sint</span> <span class='ocrx_word' id='word_1_494' title='bbox 1961 2661 2197 2704; x_wconf 67' lang='lat' dir='ltr'>necessaria.</span> 
     </span>
    </p>

    <p class='ocr_par' dir='ltr' id='par_1_21' title="bbox 1269 2720 2297 3068">
     <span class='ocr_line' id='line_1_84' title="bbox 1331 2720 2297 2777; baseline -0.002 -12"><span class='ocrx_word' id='word_1_495' title='bbox 1331 2725 1388 2766; x_wconf 92' lang='lat' dir='ltr'>Ut</span> <span class='ocrx_word' id='word_1_496' title='bbox 1415 2723 1742 2771; x_wconf 84' lang='lat' dir='ltr'>Dormitorium,</span> <span class='ocrx_word' id='word_1_497' title='bbox 1768 2722 1876 2777; x_wconf 91' lang='lat' dir='ltr'>quod</span> <span class='ocrx_word' id='word_1_498' title='bbox 1894 2724 2077 2764; x_wconf 83' lang='lat' dir='ltr'>Chotum</span> <span class='ocrx_word' id='word_1_499' title='bbox 2107 2720 2297 2776; x_wconf 84' lang='lat' dir='ltr'>respicit,</span> 
     </span>
     <span class='ocr_line' id='line_1_85' title="bbox 1271 2780 2297 2832; baseline -0.003 -10"><span class='ocrx_word' id='word_1_500' title='bbox 1271 2780 1463 2832; x_wconf 81' lang='lat' dir='ltr'>finiatur,</span> <span class='ocrx_word' id='word_1_501' title='bbox 1490 2794 1581 2823; x_wconf 86' lang='lat' dir='ltr'>cum</span> <span class='ocrx_word' id='word_1_502' title='bbox 1609 2781 1662 2822; x_wconf 87' lang='lat' dir='ltr'>ibi</span> <span class='ocrx_word' id='word_1_503' title='bbox 1689 2791 1775 2822; x_wconf 87' lang='lat' dir='ltr'>tres</span> <span class='ocrx_word' id='word_1_504' title='bbox 1800 2780 1929 2823; x_wconf 83' lang='lat' dir='ltr'>Cella:</span> <span class='ocrx_word' id='word_1_505' title='bbox 1960 2782 2029 2823; x_wconf 77' lang='lat' dir='ltr'>sint</span> <span class='ocrx_word' id='word_1_506' title='bbox 2057 2780 2297 2822; x_wconf 83' lang='lat' dir='ltr'>construen-</span> 
     </span>
     <span class='ocr_line' id='line_1_86' title="bbox 1270 2838 2295 2893; baseline 0 -14"><span class='ocrx_word' id='word_1_507' title='bbox 1270 2839 1356 2888; x_wconf 87' lang='lat' dir='ltr'>dae,</span> <span class='ocrx_word' id='word_1_508' title='bbox 1381 2838 1528 2893; x_wconf 88' lang='lat' dir='ltr'>fiatque</span> <span class='ocrx_word' id='word_1_509' title='bbox 1558 2838 1665 2880; x_wconf 88' lang='lat' dir='ltr'>aliud</span> <span class='ocrx_word' id='word_1_510' title='bbox 1700 2840 1993 2880; x_wconf 79' lang='lat' dir='ltr'>Dormitorium</span> <span class='ocrx_word' id='word_1_511' title='bbox 2029 2838 2295 2881; x_wconf 59' lang='lat' dir='ltr'>Sacristiam.)</span> 
     </span>
     <span class='ocr_line' id='line_1_87' title="bbox 1271 2895 2294 2951; baseline 0 -14"><span class='ocrx_word' id='word_1_512' title='bbox 1271 2895 1410 2938; x_wconf 75' lang='lat' dir='ltr'>versus</span> <span class='ocrx_word' id='word_1_513' title='bbox 1435 2911 1523 2938; x_wconf 85' lang='lat' dir='ltr'>curn</span> <span class='ocrx_word' id='word_1_514' title='bbox 1551 2897 1732 2939; x_wconf 84' lang='lat' dir='ltr'>Officinis</span> <span class='ocrx_word' id='word_1_515' title='bbox 1757 2896 2042 2947; x_wconf 78' lang='lat' dir='ltr'>inferioribus,</span> <span class='ocrx_word' id='word_1_516' title='bbox 2067 2897 2175 2951; x_wconf 82' lang='lat' dir='ltr'>juxta</span> <span class='ocrx_word' id='word_1_517' title='bbox 2206 2910 2294 2938; x_wconf 90' lang='lat' dir='ltr'>nor-</span> 
     </span>
     <span class='ocr_line' id='line_1_88' title="bbox 1269 2953 2293 3011; baseline 0.001 -16"><span class='ocrx_word' id='word_1_518' title='bbox 1269 2969 1371 2995; x_wconf 87' lang='lat' dir='ltr'>mam</span> <span class='ocrx_word' id='word_1_519' title='bbox 1394 2984 1408 3006; x_wconf 81' lang='lat'>,</span> <span class='ocrx_word' id='word_1_520' title='bbox 1441 2954 1548 3008; x_wconf 78' lang='lat' dir='ltr'>juxta</span> <span class='ocrx_word' id='word_1_521' title='bbox 1577 2970 1695 3011; x_wconf 89' lang='lat' dir='ltr'>quam</span> <span class='ocrx_word' id='word_1_522' title='bbox 1731 2955 1807 2996; x_wconf 88' lang='lat' dir='ltr'>alia</span> <span class='ocrx_word' id='word_1_523' title='bbox 1846 2954 1928 2995; x_wconf 88' lang='lat' dir='ltr'>duo</span> <span class='ocrx_word' id='word_1_524' title='bbox 1958 2969 2051 2996; x_wconf 89' lang='lat' dir='ltr'>cum</span> <span class='ocrx_word' id='word_1_525' title='bbox 2081 2953 2212 2996; x_wconf 88' lang='lat' dir='ltr'>Cellis</span> <span class='ocrx_word' id='word_1_526' title='bbox 2242 2969 2293 2996; x_wconf 85' lang='lat' dir='ltr'>ex</span> 
     </span>
     <span class='ocr_line' id='line_1_89' title="bbox 1269 3011 1973 3068; baseline 0.001 -14"><span class='ocrx_word' id='word_1_527' title='bbox 1269 3023 1383 3068; x_wconf 85' lang='lat' dir='ltr'>parte</span> <span class='ocrx_word' id='word_1_528' title='bbox 1407 3013 1581 3055; x_wconf 84' lang='lat' dir='ltr'>Claustri</span> <span class='ocrx_word' id='word_1_529' title='bbox 1611 3013 1699 3056; x_wconf 88' lang='lat' dir='ltr'>sunt</span> <span class='ocrx_word' id='word_1_530' title='bbox 1725 3011 1973 3055; x_wconf 67' lang='lat' dir='ltr'>constructa.</span> 
     </span>
    </p>

    <p class='ocr_par' dir='ltr' id='par_1_22' title="bbox 1263 3069 2290 3711">
     <span class='ocr_line' id='line_1_90' title="bbox 1326 3069 2289 3126; baseline -0.002 -12"><span class='ocrx_word' id='word_1_531' title='bbox 1326 3073 1384 3114; x_wconf 86' lang='lat' dir='ltr'>Ut</span> <span class='ocrx_word' id='word_1_532' title='bbox 1412 3073 1450 3113; x_wconf 90' lang='lat' dir='ltr'>in</span> <span class='ocrx_word' id='word_1_533' title='bbox 1478 3083 1597 3126; x_wconf 88' lang='lat' dir='ltr'>tergo</span> <span class='ocrx_word' id='word_1_534' title='bbox 1626 3071 1814 3114; x_wconf 83' lang='lat' dir='ltr'>Ecclefiae</span> <span class='ocrx_word' id='word_1_535' title='bbox 1840 3070 2026 3113; x_wconf 84' lang='lat' dir='ltr'>Sacristia</span> <span class='ocrx_word' id='word_1_536' title='bbox 2060 3069 2289 3112; x_wconf 86' lang='lat' dir='ltr'>altitudinis</span> 
     </span>
     <span class='ocr_line' id='line_1_91' title="bbox 1268 3127 2290 3185; baseline 0.002 -15"><span class='ocrx_word' id='word_1_537' title='bbox 1268 3132 1536 3185; x_wconf 78' lang='lat' dir='ltr'>competentis</span> <span class='ocrx_word' id='word_1_538' title='bbox 1576 3131 1857 3179; x_wconf 88' lang='lat' dir='ltr'>construatur,</span> <span class='ocrx_word' id='word_1_539' title='bbox 1886 3131 1984 3182; x_wconf 83' lang='lat' dir='ltr'>quin</span> <span class='ocrx_word' id='word_1_540' title='bbox 2019 3127 2133 3181; x_wconf 88' lang='lat' dir='ltr'>super</span> <span class='ocrx_word' id='word_1_541' title='bbox 2164 3143 2290 3171; x_wconf 67' lang='lat' dir='ltr'>eam-2</span> 
     </span>
     <span class='ocr_line' id='line_1_92' title="bbox 1266 3184 2289 3240; baseline -0.002 -8"><span class='ocrx_word' id='word_1_542' title='bbox 1266 3190 1364 3232; x_wconf 78' lang='lat' dir='ltr'>fiant</span> <span class='ocrx_word' id='word_1_543' title='bbox 1387 3189 1544 3240; x_wconf 72' lang='lat' dir='ltr'>Cellae,</span> <span class='ocrx_word' id='word_1_544' title='bbox 1569 3189 1636 3230; x_wconf 86' lang='lat' dir='ltr'>sed</span> <span class='ocrx_word' id='word_1_545' title='bbox 1661 3186 1759 3230; x_wconf 66' lang='lat' dir='ltr'>laeta</span> <span class='ocrx_word' id='word_1_546' title='bbox 1785 3186 1942 3228; x_wconf 86' lang='lat' dir='ltr'>fornice</span> <span class='ocrx_word' id='word_1_547' title='bbox 1969 3184 2151 3227; x_wconf 68' lang='lat' dir='ltr'>convexa</span> <span class='ocrx_word' id='word_1_548' title='bbox 2178 3190 2289 3230; x_wconf 69' lang='lat' dir='ltr'>teeto</span> 
     </span>
     <span class='ocr_line' id='line_1_93' title="bbox 1266 3243 2288 3302; baseline 0.001 -16"><span class='ocrx_word' id='word_1_549' title='bbox 1266 3248 1565 3300; x_wconf 68' lang='lat' dir='ltr'>cooperiatur-3</span> <span class='ocrx_word' id='word_1_550' title='bbox 1598 3261 1647 3288; x_wconf 87' lang='lat' dir='ltr'>ex</span> <span class='ocrx_word' id='word_1_551' title='bbox 1676 3262 1757 3302; x_wconf 89' lang='lat' dir='ltr'>quo</span> <span class='ocrx_word' id='word_1_552' title='bbox 1794 3245 1880 3285; x_wconf 89' lang='lat' dir='ltr'>duae</span> <span class='ocrx_word' id='word_1_553' title='bbox 1906 3243 2034 3287; x_wconf 78' lang='lat' dir='ltr'>Cellae</span> <span class='ocrx_word' id='word_1_554' title='bbox 2074 3258 2146 3297; x_wconf 89' lang='lat' dir='ltr'>pro</span> <span class='ocrx_word' id='word_1_555' title='bbox 2184 3245 2288 3287; x_wconf 89' lang='lat' dir='ltr'>sum-</span> 
     </span>
     <span class='ocr_line' id='line_1_94' title="bbox 1267 3304 2285 3360; baseline 0 -14"><span class='ocrx_word' id='word_1_556' title='bbox 1267 3316 1410 3360; x_wconf 88' lang='lat' dir='ltr'>ptuum</span> <span class='ocrx_word' id='word_1_557' title='bbox 1438 3305 1704 3347; x_wconf 85' lang='lat' dir='ltr'>diminutione</span> <span class='ocrx_word' id='word_1_558' title='bbox 1734 3305 1979 3346; x_wconf 81' lang='lat' dir='ltr'>omittuntur</span> <span class='ocrx_word' id='word_1_559' title='bbox 1997 3332 2008 3343; x_wconf 90' lang='lat'><strong>.</strong></span> <span class='ocrx_word' id='word_1_560' title='bbox 2040 3304 2218 3345; x_wconf 90' lang='lat' dir='ltr'>Proinde</span> <span class='ocrx_word' id='word_1_561' title='bbox 2247 3307 2285 3346; x_wconf 91' lang='lat' dir='ltr'>in</span> 
     </span>
     <span class='ocr_line' id='line_1_95' title="bbox 1266 3360 2285 3406; baseline 0.003 -3"><span class='ocrx_word' id='word_1_562' title='bbox 1266 3363 1448 3404; x_wconf 85' lang='lat' dir='ltr'>omnibus</span> <span class='ocrx_word' id='word_1_563' title='bbox 1464 3364 1591 3405; x_wconf 84' lang='lat' dir='ltr'>tribus</span> <span class='ocrx_word' id='word_1_564' title='bbox 1610 3362 1867 3405; x_wconf 84' lang='lat' dir='ltr'>Dormitoriis</span> <span class='ocrx_word' id='word_1_565' title='bbox 1881 3360 2030 3403; x_wconf 85' lang='lat' dir='ltr'>nonnifi</span> <span class='ocrx_word' id='word_1_566' title='bbox 2048 3360 2285 3406; x_wconf 51' lang='lat' dir='ltr'>sexdecim„</span> 
     </span>
     <span class='ocr_line' id='line_1_96' title="bbox 1263 3419 2284 3475; baseline 0.003 -14"><span class='ocrx_word' id='word_1_567' title='bbox 1263 3422 1459 3463; x_wconf 86' lang='lat' dir='ltr'>duntaxat</span> <span class='ocrx_word' id='word_1_568' title='bbox 1491 3423 1620 3464; x_wconf 91' lang='lat' dir='ltr'>Cellae</span> <span class='ocrx_word' id='word_1_569' title='bbox 1649 3422 1903 3475; x_wconf 89' lang='lat' dir='ltr'>reperientur</span> <span class='ocrx_word' id='word_1_570' title='bbox 1930 3449 1945 3471; x_wconf 89' lang='lat'>,</span> <span class='ocrx_word' id='word_1_571' title='bbox 1974 3419 2141 3474; x_wconf 63' lang='lat' dir='ltr'>dempta*</span> <span class='ocrx_word' id='word_1_572' title='bbox 2174 3420 2243 3464; x_wconf 67' lang='lat' dir='ltr'>illa</span> <span class='ocrx_word' id='word_1_573' title='bbox 2269 3449 2284 3473; x_wconf 85' lang='lat'>,</span> 
     </span>
     <span class='ocr_line' id='line_1_97' title="bbox 1263 3479 2283 3533; baseline 0.001 -14"><span class='ocrx_word' id='word_1_574' title='bbox 1263 3492 1346 3533; x_wconf 85' lang='lat' dir='ltr'>quae</span> <span class='ocrx_word' id='word_1_575' title='bbox 1372 3481 1665 3523; x_wconf 89' lang='lat' dir='ltr'>Communitati</span> <span class='ocrx_word' id='word_1_576' title='bbox 1692 3479 1841 3522; x_wconf 88' lang='lat' dir='ltr'>servire</span> <span class='ocrx_word' id='word_1_577' title='bbox 1863 3479 2012 3520; x_wconf 89' lang='lat' dir='ltr'>debet.</span> <span class='ocrx_word' id='word_1_578' title='bbox 2046 3482 2283 3530; x_wconf 88' lang='lat' dir='ltr'>Numerus,</span> 
     </span>
     <span class='ocr_line' id='line_1_98' title="bbox 1263 3537 2282 3593; baseline 0 -15"><span class='ocrx_word' id='word_1_579' title='bbox 1263 3551 1343 3593; x_wconf 90' lang='lat' dir='ltr'>quo</span> <span class='ocrx_word' id='word_1_580' title='bbox 1368 3537 1567 3580; x_wconf 88' lang='lat' dir='ltr'>minorem</span> <span class='ocrx_word' id='word_1_581' title='bbox 1591 3541 1826 3580; x_wconf 90' lang='lat' dir='ltr'>Conventus</span> <span class='ocrx_word' id='word_1_582' title='bbox 1854 3539 2004 3579; x_wconf 87' lang='lat' dir='ltr'>habere</span> <span class='ocrx_word' id='word_1_583' title='bbox 2032 3538 2173 3592; x_wconf 87' lang='lat' dir='ltr'>nequit</span> <span class='ocrx_word' id='word_1_584' title='bbox 2197 3566 2211 3589; x_wconf 88' lang='lat'>,</span> <span class='ocrx_word' id='word_1_585' title='bbox 2242 3540 2282 3578; x_wconf 71' lang='grc' dir='ltr'>δε</span> 
     </span>
     <span class='ocr_line' id='line_1_99' title="bbox 1263 3595 2278 3652; baseline -0.001 -15"><span class='ocrx_word' id='word_1_586' title='bbox 1263 3609 1344 3651; x_wconf 91' lang='lat' dir='ltr'>quo</span> <span class='ocrx_word' id='word_1_587' title='bbox 1372 3596 1561 3652; x_wconf 88' lang='lat' dir='ltr'>majorem</span> <span class='ocrx_word' id='word_1_588' title='bbox 1592 3595 1774 3638; x_wconf 75' lang='lat' dir='ltr'>transitus</span> <span class='ocrx_word' id='word_1_589' title='bbox 1806 3599 1992 3639; x_wconf 86' lang='lat' dir='ltr'>Fratrum</span> <span class='ocrx_word' id='word_1_590' title='bbox 2015 3623 2030 3645; x_wconf 89' lang='lat'>,</span> <span class='ocrx_word' id='word_1_591' title='bbox 2062 3595 2278 3649; x_wconf 87' lang='lat' dir='ltr'>praesertim</span> 
     </span>
     <span class='ocr_line' id='line_1_100' title="bbox 1263 3653 2279 3711; baseline 0.003 -15"><span class='ocrx_word' id='word_1_592' title='bbox 1263 3665 1448 3709; x_wconf 86' lang='lat' dir='ltr'>tempore</span> <span class='ocrx_word' id='word_1_593' title='bbox 1476 3655 1657 3708; x_wconf 88' lang='lat' dir='ltr'>Capituli</span> <span class='ocrx_word' id='word_1_594' title='bbox 1682 3655 1926 3704; x_wconf 88' lang='lat' dir='ltr'>Generalis,</span> <span class='ocrx_word' id='word_1_595' title='bbox 1952 3667 2032 3711; x_wconf 88' lang='lat' dir='ltr'>quo</span> <span class='ocrx_word' id='word_1_596' title='bbox 2058 3657 2199 3696; x_wconf 88' lang='lat' dir='ltr'>Patres</span> <span class='ocrx_word' id='word_1_597' title='bbox 2217 3653 2279 3699; x_wconf 48' lang='lat' dir='ltr'>Sir</span> 
     </span>
    </p>
   </div>
   <div class='ocr_carea' id='block_1_17' title="bbox 179 3713 1793 3772">
    <p class='ocr_par' dir='ltr' id='par_1_23' title="bbox 179 3713 1793 3772">
     <span class='ocr_line' id='line_1_101' title="bbox 179 3713 1793 3772; baseline 0 -18"><span class='ocrx_word' id='word_1_598' title='bbox 179 3715 243 3754; x_wconf 70' lang='lat' dir='ltr'>eto</span> <span class='ocrx_word' id='word_1_599' title='bbox 274 3716 472 3756; x_wconf 89' lang='lat' dir='ltr'>Severino</span> <span class='ocrx_word' id='word_1_600' title='bbox 492 3743 507 3766; x_wconf 85' lang='lat'>,</span> <span class='ocrx_word' id='word_1_601' title='bbox 540 3718 725 3759; x_wconf 83' lang='lat' dir='ltr'>Fratrum</span> <span class='ocrx_word' id='word_1_602' title='bbox 763 3716 941 3772; x_wconf 86' lang='lat' dir='ltr'>ejusdem</span> <span class='ocrx_word' id='word_1_603' title='bbox 983 3714 1198 3757; x_wconf 85' lang='lat' dir='ltr'>Provinciae</span> <span class='ocrx_word' id='word_1_604' title='bbox 1259 3714 1357 3756; x_wconf 84' lang='lat' dir='ltr'>ciliae</span> <span class='ocrx_word' id='word_1_605' title='bbox 1384 3713 1620 3764; x_wconf 84' lang='lat' dir='ltr'>divertunt,</span> <span class='ocrx_word' id='word_1_606' title='bbox 1645 3714 1793 3768; x_wconf 86' lang='lat' dir='ltr'>exigit.</span> 
     </span>
    </p>
   </div>
   <div class='ocr_carea' id='block_1_18' title="bbox 179 3772 1197 3873">
    <p class='ocr_par' dir='ltr' id='par_1_24' title="bbox 179 3772 1197 3873">
     <span class='ocr_line' id='line_1_102' title="bbox 179 3772 1197 3873; baseline -0.002 -59"><span class='ocrx_word' id='word_1_607' title='bbox 179 3772 392 3873; x_wconf 45' lang='lat' dir='ltr'>Genessilis</span> <span class='ocrx_word' id='word_1_608' title='bbox 420 3774 616 3873; x_wconf 47' lang='lat' dir='ltr'>Xilfitator</span> <span class='ocrx_word' id='word_1_609' title='bbox 633 3775 851 3832; x_wconf 86' lang='lat' dir='ltr'>deputatus</span> <span class='ocrx_word' id='word_1_610' title='bbox 868 3801 882 3824; x_wconf 65' lang='lat'>2</span> <span class='ocrx_word' id='word_1_611' title='bbox 899 3772 1057 3830; x_wconf 54' lang='lat' dir='ltr'>peracti</span> <span class='ocrx_word' id='word_1_612' title='bbox 1086 3784 1197 3817; x_wconf 84' lang='lat' dir='ltr'>novae</span> 
     </span>
     <span class='ocr_line' id='line_1_103' title="bbox 333 3844 493 3873; baseline 0.006 -3"><span class='ocrx_word' id='word_1_613' title='bbox 333 3844 402 3873; x_wconf 76' lang='lat' dir='ltr'>cm.</span> <span class='ocrx_word' id='word_1_614' title='bbox 484 3860 493 3871; x_wconf 70' lang='grc' dir='ltr'><strong>ο</strong></span> 
     </span>
    </p>
   </div>
   <div class='ocr_carea' id='block_1_19' title="bbox 1317 3770 2277 3877">
    <p class='ocr_par' dir='ltr' id='par_1_25' title="bbox 1317 3770 2277 3877">
     <span class='ocr_line' id='line_1_104' title="bbox 1317 3770 2277 3873; baseline -0.006 -57"><span class='ocrx_word' id='word_1_615' title='bbox 1317 3772 1406 3816; x_wconf 81' lang='lat' dir='ltr'>Fiat</span> <span class='ocrx_word' id='word_1_616' title='bbox 1437 3771 1578 3815; x_wconf 88' lang='lat' dir='ltr'>itidem</span> <span class='ocrx_word' id='word_1_617' title='bbox 1607 3772 1788 3873; x_wconf 47' lang='lat' dir='ltr'>Cilffrna</span> <span class='ocrx_word' id='word_1_618' title='bbox 1814 3780 2050 3830; x_wconf 88' lang='lat' dir='ltr'>competens</span> <span class='ocrx_word' id='word_1_619' title='bbox 2078 3771 2128 3868; x_wconf 55' lang='grc' dir='ltr'>ἱιῖ)ί</span> <span class='ocrx_word' id='word_1_620' title='bbox 2147 3770 2277 3811; x_wconf 60' lang='lat' dir='ltr'>Claud</span> 
     </span>
     <span class='ocr_line' id='line_1_105' title="bbox 2135 3842 2212 3877; baseline 0 -9"><span class='ocrx_word' id='word_1_621' title='bbox 2135 3842 2212 3877; x_wconf 91' lang='lat' dir='ltr'>ro,</span> 
     </span>
    </p>
   </div>
  </div>
 </body>
</html>
