2716 4082
385 279 631 381 xxxvi
868 275 942 359 E
1001 271 1088 355 L*
1130 273 1206 359 E
1266 270 1366 358 N

324 409 374 445 ra
402 392 814 446 Tramutulae-&c.
849 406 901 438 ac
930 389 1036 441 loco
1073 387 1119 437 la
1153 389 1367 440 Bonatora

307 477 588 530 nuncupato
619 462 678 514 ad
707 462 915 512 favorem
946 463 1162 509 Fratrum
1193 460 1364 512 nostro-

328 551 431 586 rum
475 536 692 584 Civitatis
728 527 915 585 Marfici
952 544 1161 580 emanata
1198 533 1364 598 exequi

327 605 542 671 iubentur
560 639 574 653 .
824 627 825 630 ¹
1292 610 1366 663 56

397 678 598 724 Decreto
614 678 661 724 S.
677 675 913 746 Congreg.
930 668 1079 740 Episc.
1094 707 1109 730 ,
1130 670 1180 723 ὅς
1194 673 1365 741 Regul.

327 746 470 793 Nova
509 741 759 794 methodus
794 743 1029 794 Gubernii
1068 744 1371 794 Provincialis

328 814 605 882 approbatur
624 811 719 870 ἃς.
1299 831 1364 877 57

399 956 803 1009 PROVINCIA
841 957 1289 1008 RHEGIENSIS.

392 1101 608 1161 Veterem
639 1098 850 1146 Domum
879 1097 923 1145 in
941 1097 1149 1147 Civitate
1166 1097 1363 1164 Squilla-

320 1166 440 1217 eensi
470 1162 665 1233 relinqui
694 1203 710 1225 ,
755 1167 985 1232 situmque
1016 1167 1170 1226 illius,
1203 1167 1253 1218 <St
1276 1170 1363 1216 Ec·-

319 1237 457 1287 cleiiae
472 1237 658 1287 alienari
674 1238 899 1307 indulget.
916 1238 1103 1288 Clemens
1116 1236 1254 1289 VIII.
1287 1247 1356 1287 62

391 1311 557 1359 Altare
570 1311 767 1376 Capellcg
783 1311 1114 1382 conceptionis
1129 1312 1363 1360 B.V.Ma·

320 1380 394 1430 riae
417 1381 464 1429 in
479 1377 677 1429 Ecclesia
693 1379 870 1430 Domus
883 1379 1036 1433 Castri
1053 1382 1234 1432 Veteris
1251 1416 1268 1439 ,
1296 1380 1363 1429 in·

317 1447 460 1503 stante
475 1451 604 1517 Julia
620 1449 804 1499 Caraffa
819 1485 835 1508 ,
871 1450 1135 1518 Principiffa
1156 1454 1359 1501 Roccel-

317 1521 372 1570 1ae
384 1557 401 1582 ,
419 1522 462 1569 in
476 1534 713 1588 perpetum
731 1521 996 1589 privilegiat
1008 1556 1020 1569 .
1040 1520 1210 1570 ‘Paulus
1222 1521 1276 1569 V.
1296 1522 1361 1570 ibi

389 1593 687 1645 Castanetum
698 1593 905 1659 &joanne
917 1596 951 1641 F
955 1592 1099 1641 eriolo
1113 1590 1170 1641 de
1184 1593 1360 1642 Colaro

319 1682 427 1714 eum
456 1677 675 1733 perpetuo
700 1661 942 1717 Miss'arum
975 1679 1112 1712 onere
1143 1661 1354 1712 relietum

318 1736 456 1787 vendi
484 1769 502 1794 ,
549 1732 599 1785 &
630 1735 827 1800 pretium
859 1734 906 1782 in
942 1732 1356 1786 restaurationem

318 1826 447 1856 novae
485 1804 666 1857 Domfis
691 1841 707 1864 ,
756 1804 805 1857 ἃ
837 1820 1209 1873 paramentorum
1243 1822 1354 1854 con-

316 1878 437 1933 verti
474 1876 686 1927 concedit
702 1913 714 1925 .
751 1875 882 1926 Idem.
1282 1886 1348 1937 63

388 1948 609 1999 Annibali
625 1951 818 1997 Bottaro
835 1983 850 2006 ,
877 1949 921 1997 in
939 1951 1189 1999 Conventu
1205 1949 1354 2000 Semi·-

318 2036 435 2070 narae
461 2033 608 2070 artem
634 2019 872 2069 medicinae
890 2054 906 2077 ,
944 2037 1036 2068 non
1053 2017 1256 2070 obstante
1285 2017 1353 2069 sue

317 2088 471 2160 scepto
510 2095 557 2141 S.
570 2087 927 2155 Presbyteratfis
947 2090 1126 2140 Ordine
1145 2107 1355 2140 exercen-

316 2160 396 2221 di,
425 2163 490 2212 uti
510 2163 636 2228 prius
656 2196 672 2219 ,
691 2158 959 2211 facultatem
979 2163 1223 2236 elargitur.
1262 2160 1358 2213 Ur·-

314 2230 445 2282 banus
473 2229 606 2282 VIII.
1291 2232 1357 2284 ibi

388 2302 591 2374 Epistola
621 2307 669 2354 S.
687 2306 923 2374 Congreg.
958 2304 1178 2362 Concilii,
1204 2307 1358 2371 Qar-

317 2390 418 2425 tam
445 2373 696 2425 funeralem
724 2374 750 2422 ὲ
784 2373 1017 2425 Fratribus
1045 2373 1226 2426 Domfis
1262 2380 1354 2426 Ca-

317 2444 537 2497 thacensis
556 2463 647 2495 non
667 2442 935 2495 solvendam
967 2442 1050 2493 ess'e
1065 2481 1081 2503 ,
1112 2448 1353 2515 Archiepi-

315 2516 455 2584 scopo
483 2517 545 2565 ibi
562 2514 825 2566 rescribitur
841 2553 853 2564 .
888 2535 977 2564 cum
993 2531 1106 2564 nota.
1282 2527 1352 2581 64

386 2586 587 2655 Epistola
612 2590 659 2640 S.
676 2590 912 2657 Congrcg.
935 2584 1084 2654 Episc.
1104 2585 1153 2639 8(
1177 2590 1350 2657 Regul.

317 2658 551 2710 Fratribus
573 2659 790 2708 Cotronii
818 2660 995 2708 Oleum
1037 2661 1231 2708 Sacrum
1266 2678 1352 2728 pro

317 2733 572 2780 Conventu
615 2725 933 2777 asservandum
979 2725 1305 2780 subministrari
1335 2766 1351 2790 ,

318 2797 549 2868 Episcopo
581 2799 670 2848 loci
701 2799 983 2866 imponitur.
1279 2811 1346 2865 65

388 2869 551 2920 Libros
579 2870 624 2917 in
655 2869 939 2920 Bibliotheca
973 2869 1150 2921 Domus
1183 2875 1350 2922 veteris

315 2942 545 2993 Civitatis
575 2940 839 3006 Rhegienfis
865 2939 1034 3011 pofitos
1051 2978 1067 2999 ‚
1101 2941 1150 2993 ὅ(
1178 2959 1348 3010 ponen-

313 3013 398 3063 dos
430 3048 447 3071 ,
486 3011 721 3061 Fratribus
759 3012 990 3080 utriusque
1025 3013 1205 3063 Domus
1240 3014 1350 3064 inibi

315 3100 402 3151 pro
433 3080 515 3134 usu
534 3100 800 3135 communes
821 3081 904 3133 effe
928 3083 1133 3135 decernit
1153 3121 1166 3134 .
1204 3085 1351 3137 Urba-

314 3173 389 3203 nus
408 3153 545 3204 VIII.
1288 3157 1353 3206 ibi

388 3229 579 3276 Novam
606 3229 816 3275 Domum
850 3226 895 3275 in
922 3226 1027 3275 loco
1044 3227 1223 3277 Montis
1242 3232 1353 3278 Leo·

316 3296 383 3343 nis
414 3295 600 3363 antiqua
635 3296 859 3348 desti-usta
895 3293 1074 3348 fundari
1107 3298 1348 3370 indulget.

317 3363 433 3414 Idem
451 3400 464 3413 .
1286 3370 1350 3421 ibi

391 3435 665 3504 Capitulum
684 3440 967 3490 Provinciale
979 3475 995 3498 ‚
1021 3441 1066 3489 in
1083 3457 1174 3507 quo
1191 3445 1349 3492 Frater

317 3507 506 3574 incapax
526 3509 572 3555 in
595 3507 842 3563 Custodem
859 3513 1064 3578 Capituli
1080 3514 1349 3573 Generalis,

319 3575 370 3627 ὅτ
403 3594 516 3626 unus
550 3596 602 3627 ex
633 3582 779 3629 Sociis
812 3586 860 3631 P.
884 3581 1081 3632 Ministri
1107 3585 1349 3634 Generalis

317 3649 364 3695 in
384 3649 718 3698 Provincialem
737 3652 867 3701 electi
883 3650 1062 3703 fuerant
1073 3688 1088 3710 ,
1112 3657 1319 3705 annullat
1332 3691 1349 3715 ,

319 3717 534 3784 aliudque
553 3722 824 3785 Capitulum
841 3739 925 3790 pro
944 3725 1154 3793 legitima
1171 3727 1349 3776 eleffio·

317 3805 375 3837 ne
405 3790 683 3846 convocari,
721 3793 1084 3844 Eminentiffimo
1103 3797 1343 3849 Cardinali

318 3858 576 3910 Protestori
607 3863 877 3912 committit.
914 3861 1045 3914 Idem.

1439 418 1441 420 ·
1493 393 1564 440 Ex
1590 388 1794 441 Ecclesia
1809 385 1992 439 Domus
2014 390 2085 438 Ca
2096 385 2171 438 stri
2190 388 2376 439 Veteris
2390 390 2475 441 Pat-

1425 476 1666 519 ramenta,
1704 458 1828 511 Vasa
1848 458 1940 511 ἃς.
1976 460 2051 509 vel
2093 476 2150 508 ex
2185 458 2473 510 Bibliotheca

1425 531 1590 580 Libros
1630 532 1808 582 extrahi
1836 567 1853 589 ,
1901 544 1982 580 aut
2011 532 2302 585 commodari
2332 565 2348 587 ,
2386 527 2469 581 sub

1429 600 1698 659 censuris,&
1712 603 1863 670 poenis
1879 614 2024 651 vetat.
2040 599 2373 654 InnocentiusX,
2410 599 2478 650 ibi

1500 675 1704 721 Decreto
1739 677 1787 722 S.
1816 673 2210 743 Congregationis
2243 672 2476 729 Concilii,

1433 743 1656 812 Legatum
1681 742 1812 810 pium
1834 744 2108 794 Conventui
2122 731 2476 795 Claraevallenfi

1431 813 1478 860 in
1498 827 1777 882 perpetuum
1810 814 2052 871 relie‘tum,
2085 814 2111 861 a
2140 812 2297 878 sponte
2325 813 2475 864 danti·

1425 880 1511 933 bus
1543 885 1718 953 recipi,
1746 901 1838 935 non
1858 884 1972 935 vero
1997 886 2092 954 peti
2119 882 2240 954 posse
2269 882 2469 934 declara·

1423 971 1503 1004 rur
1521 991 1534 1003 .
1885 1012 1892 1022 ἰ
1911 988 1913 990 v
2395 962 2433 1003 6
2437 972 2471 1019 7

1494 1029 1698 1075 Decreto
1721 1029 2125 1094 Sac.Congregat.
2142 1024 2295 1093 Episc.
2314 1023 2362 1076 ἃ
2378 1027 2471 1076 Re-

1423 1098 1577 1165 gular.
1615 1096 1856 1148 Fratribus
1890 1097 1935 1144 in
1968 1098 2073 1144 loco
2091 1099 2196 1146 Pitii
2222 1114 2311 1164 ⁴pro
2343 1107 2472 1148 c'om-

1422 1166 1567 1216 modo
1602 1168 1920 1218 itinerantium
1956 1163 2236 1235 Hospitium
2267 1164 2349 1216 sub
2372 1175 2472 1216 cer·

1423 1239 1481 1287 tis
1512 1236 1730 1289 clausulis
1761 1236 2032 1288 conceditur
2054 1272 2068 1287 .
2393 1240 2467 1288 68

1494 1313 1698 1359 Decreto
1712 1312 1964 1361 Sacrorum
1983 1310 2184 1359 Rituum
2195 1309 2469 1376 Congrege-

1421 1380 1560 1431 tionis
1580 1416 1596 1439 ,
1633 1381 1872 1431 Fratribus
1900 1377 2063 1430 nostris
2095 1377 2333 1429 Neocastri
2361 1382 2466 1430 Sta-

1421 1465 1549 1503 tuam
1580 1451 1736 1503 Sanisti
1775 1452 1954 1502 Antoni
1975 1452 2184 1501 Patavini
2208 1451 2252 1499 in
2286 1449 2470 1501 Habitu

1422 1525 1667 1590 Capucino
1697 1525 1896 1574 retinere
1914 1557 1931 1580 ,
1967 1538 2070 1571 eam
2102 1523 2253 1571 intus-
2274 1519 2319 1572 ὅ(
2338 1533 2470 1571 extra

1420 1608 1580 1641 eorum
1595 1591 1844 1643 Ecclesiam
1870 1591 2256 1663 proceffionaliter
2270 1588 2468 1649 deferre,

1420 1663 1617 1712 Vexillis
1635 1698 1652 1721 ,
1687 1665 1818 1713 Velis
1838 1701 1853 1723 ,
1886 1662 2067 1731 aliisque
2101 1661 2235 1714 sacris
2278 1662 2465 1714 mobili·-

1417 1730 1501 1786 bus
1528 1750 1636 1783 cum
1668 1732 1780 1783 disti
1817 1734 1976 1785 Santii
2015 1735 2225 1802 Imagine
2256 1731 2462 1800 (absque

1417 1801 1712 1871 inscriptione
1753 1819 1907 1861 tamen
1940 1808 2128 1856 verioris
2148 1802 2302 1871 firma
2328 1801 2464 1855 Habi-

1416 1881 1524 1937 tus)
1563 1878 1628 1925 uti
1657 1910 1674 1934 ,
1711 1876 1893 1925 licitum
1929 1875 2014 1925 effe
2044 1875 2335 1926 declaratur.
2371 1892 2464 1926 cum

1411 1961 1510 1995 nota
1529 1982 1542 1997 .
2395 1944 2461 1996 ibi

1487 2022 1688 2069 Decreto
1713 2020 1761 2067 S.
1780 2021 2019 2088 Congreg.
2039 2018 2256 2067 Rituum.
2277 2012 2461 2067 Festum

1418 2093 1467 2144 S.
1489 2090 1654 2140 Crucis
1676 2090 1721 2138 in
1737 2091 1884 2138 Terra
1901 2090 2040 2139 Cutri
2070 2089 2209 2138 ctiam
2236 2088 2262 2136 ὲ
2291 2087 2459 2140 Fratri·

1416 2159 1499 2210 bus
1532 2160 1691 2210 nostris
1721 2159 1894 2212 ibidem
1918 2195 1934 2218 .
1965 2161 2059 2210 ritu
2077 2174 2230 2211 tamen
2248 2157 2459 2209 nostrum

1417 2230 1689 2282 Institutum
1724 2249 1817 2281 non
1847 2231 2091 2281 excedente
2111 2267 2129 2290 ,
2161 2229 2322 2281 eodem
2353 2231 2459 2297 die,

1417 2321 1512 2370 quo
1532 2306 1633 2353 1³1².
1651 2297 1910 2353 Reformati
1945 2302 2064 2353 illud
2090 2301 2350 2361 celebrant,
2383 2318 2455 2357 ce·

1416 2374 1580 2424 lebrari
1606 2371 1727 2441 polse
1752 2374 2022 2443 indulgetur
2038 2409 2050 2423 .
2385 2390 2448 2432 72

1488 2451 1685 2497 Decreto
1701 2448 1749 2495 S.
1766 2449 2007 2514 Congreg.
2027 2445 2231 2495 Concilii
2246 2480 2262 2502 ,
2281 2441 2455 2497 Instau-

1414 2517 1480 2565 tia
1510 2516 1734 2566 nullitatis
1765 2531 1925 2567 contra
1952 2512 2279 2566 Profeffionem
2311 2514 2338 2565 ὲ
2374 2517 2452 2564 Fr.

1415 2590 1480 2637 N.
1496 2590 1538 2636 N
1548 2624 1560 2636 .
1579 2584 1656 2636 sub
1674 2601 1896 2655 praetextu
1911 2584 2063 2637 morbi
2079 2584 2346 2637 incurabilis
2359 2583 2451 2637 &ez

1412 2657 1531 2708 facia
1564 2657 1834 2726 reprobatur
1854 2693 1867 2709 .
2383 2674 2446 2719 73

1484 2734 1687 2780 Decreto
1717 2733 1765 2778 S.
1784 2733 2025 2798 Congreg.
2043 2726 2192 2796 Episc.
2210 2727 2258 2780 ὅ(
2275 2730 2448 2797 Regul-

1412 2799 1492 2850 Ad
1519 2802 1784 2867 Superiores
1803 2801 1994 2849 Locales
2015 2802 2266 2850 Provinciae
2287 2799 2449 2850 Banni-

1410 2872 1468 2921 tis
1497 2907 1514 2929 ,
1554 2871 1604 2922 dc
1634 2872 1932 2924 criminaliter
1962 2868 2184 2938 inquifitis
2220 2868 2450 2939 asylum..-

1409 2942 1661 3011 praebentes
1688 2960 1834 3012 poenae
1860 2942 1971 2994 alias
1999 2956 2159 2992 taxatae
2196 2943 2451 2992 extendun-

1409 3029 1507 3065 tur.
2372 3029 2441 3075 74

1484 3088 1689 3136 Deci-eto
1715 3089 1758 3133 S.
1779 3087 2018 3153 congreg.
2036 3081 2184 3150 Episc.
2203 3081 2252 3134 &
2270 3084 2448 3152 Regul.

1412 3156 1624 3206 Tertiam
1643 3169 1822 3222 partem
1838 3153 2104 3205 reddituum
2135 3172 2190 3204 ex
2210 3153 2450 3205 testamen-.-

1401 3224 1705 3277 'to-Francisci
1727 3226 1915 3274 Milardi
1938 3224 2204 3276 reliROrum
2227 3243 2334 3275 cum
2364 3241 2452 3276 ter-

1408 3299 1473 3348 tia
1499 3312 1626 3365 parte
1644 3296 2048 3348 instrumentorum
2066 3295 2159 3348 &m
2192 3314 2316 3347 novo
2343 3302 2451 3349 Era·-

1408 3385 1530 3420 trum
1549 3369 1793 3418 Flumariae
1825 3366 2173 3418 valetudinario
2191 3366 2449 3439 confignari

1409 3439 1675 3512 indulgetur
1693 3475 1706 3488 .
2375 3456 2404 3498 7
2411 3454 2441 3500 ς

1489 3583 1890 3634 PROVINCIA
1927 3579 2351 3633 COSENTINA.

1479 3724 1559 3777 Ad
1575 3721 1799 3774 instantias
1818 3720 2135 3790 Syndicorum
2155 3757 2173 3780 ,
2201 3718 2250 3774 ὅ(
2266 3692 2446 3774 Electa-³

1406 3813 1511 3847 rum
1544 3797 1764 3847 Civitatis
1788 3795 1966 3846 Montis
2000 3795 2101 3843 Alti
2129 3794 2358 3845 Moniales
2392 3796 2439 3843 in

1271 3878 1343 3918 σε
1403 3885 1579 3920 novum
1597 3866 1937 3919 Momsterimn
1957 3864 2145 3925 induci3
2181 3864 2207 3914 a
2231 3862 2446 3932 qualibeu

2232 3937 2379 3981 Mona-
