2664 4114
973 223 1517 337 Cosentina.

198 340 390 386 Servum
400 337 486 385 Dei
502 335 1022 407 Fr.Angelum.abAcrio
1035 344 1078 389 in
1089 342 1210 390 AEdi-

262 405 345 454 'bus
380 408 598 474 Principis
644 406 949 458 Bilinianenfis
993 410 1051 459 ad
1084 411 1206 461 bien-

258 477 386 527 nium
411 483 718 535 commorari,
749 479 980 546 indulget.

186 612 221 653 A
237 619 353 671 tergo
369 629 381 657 ε
416 618 566 660 Βίίεέῖο
579 618 681 661 Filio
694 618 839 672 Angelo
851 616 900 657 ab
917 618 1033 660 Acria
1049 621 1204 663 Ordinis

296 679 491 719 Fratrum
515 680 714 719 Mmorum
739 675 873 716 §unffi
888 678 1088 735 Francisc'i

386 736 666 790 Capacinorum
691 746 1000 789 nuncupatorum

577 789 797 848 Profa-firi.

182 911 728 965 BENEDICTUS
781 915 995 963 PAPA
1048 914 1199 964 XIII.

282 1037 436 1081 Diletle
462 1039 541 1083 Fili
547 1037 746 1093 filatem,
777 1040 830 1090 ὠ»
849 1040 1100 1098 Apostolicam

527 1098 829 1155 §tnedmmncm
842 1126 855 1138 .

309 1212 503 1265 Eligionis
542 1215 653 1258 zelus
680 1222 695 1265 ,‘
735 1213 828 1256 vitae
867 1215 907 1256 &
930 1228 1091 1258 morum
1123 1215 1195 1256 ho-

319 1269 444 1314 nestas
469 1297 484 1322 ,
521 1272 678 1329 aliaque
705 1270 923 1315 laudabilia
952 1275 1162 1328 probitatis
1180 1301 1194 1324 ,

173 1329 213 1368 &
243 1331 435 1370 virtutum
472 1331 618 1373 merita
648 1358 664 1382 ³
702 1330 841 1386 quibus
878 1333 981 1387 apud
1029 1336 1111 1374 Nos
1149 1330 1194 1372 fi-

171 1385 225 1427 de
248 1385 372 1441 digno
386 1389 676 1432 commendatiis
691 1388 919 1431 testimonio
935 1419 950 1442 ,
968 1395 1051 1432 Nos
1078 1390 1192 1433 indu—

171 1454 294 1496 cunt,
317 1453 359 1485 ut
396 1447 459 1488 Te
487 1445 723 1502 specialibus
762 1446 963 1491 favoribus
1002 1449 1192 1504 prosequa

169 1516 285 1544 mur.
318 1507 461 1559 Nuper
484 1504 676 1561 siquidem
702 1521 774 1563 pro
802 1518 918 1563 parte
941 1508 1074 1551 dilecti
1107 1508 1195 1550 Filii

168 1561 313 1603 nobilis
330 1562 436 1614 Viri,
449 1564 636 1608 moderni
650 1566 843 1620 Principis
860 1565 1094 1608 Bifinianen.
1112 1570 1195 1610 No-

170 1619 230 1662 bis
247 1622 468 1674 expolitum
485 1621 588 1674 fuit,
615 1623 722 1679 quod
749 1624 832 1678 ipse
851 1624 904 1666 de
927 1634 993 1666 tua
1014 1625 1191 1680 pruden-

171 1679 227 1720 ti·
246 1706 259 1728 ,
288 1678 472 1732 pietate,
502 1695 548 1723 ac
575 1682 779 1738 probitate
802 1682 1016 1739 plurimum
1043 1683 1083 1724 in
1108 1685 1188 1724 Do-

168 1737 278 1778 mino
290 1736 489 1790 confisus,
515 1741 577 1781 Te
591 1770 607 1792 ,
633 1742 700 1797 qui
715 1769 728 1792 ,
749 1750 793 1783 ut
807 1741 912 1783 idem
927 1742 1120 1801 IJrinceps
1134 1738 1188 1783 as-

166 1792 262 1836 serit
278 1822 292 1845 ‚
320 1796 460 1837 Frater
476 1797 661 1852 expresse
677 1797 864 1853 profeffus
874 1800 1039 1843 Ordinis
1057 1800 1188 1841 Mino-

167 1865 259 1894 rum
288 1853 422 1893 Sancti
436 1856 631 1896 Francisci
652 1858 955 1908 Capucinorum
979 1870 1188 1911 nuncupa-

168 1919 326 1957 torum,
349 1911 387 1950 &
403 1910 441 1951 in
458 1913 581 1954 Sacro
596 1911 903 1968 Presbyteratt'is
918 1914 1075 1956 Ordine
1089 1928 1185 1955 con-

166 1967 326 2009 stitutus
342 1968 474 2009 existis
489 1995 503 2017 ,
520 1985 595 2024 pro
609 1970 801 2025 spirituali
829 1969 893 2014 sua
911 1971 1186 2015 consolatione

163 2024 314 2083 jugiter
328 2025 432 2082 apud
446 2026 486 2068 se
499 2028 648 2072 habere
662 2056 678 2079 2
705 2043 914 2088 operaque
930 2042 997 2075 tua
1009 2060 1026 2084 ‚
1055 2029 1096 2073 in
1111 2030 1157 2071 iis
1170 2057 1187 2082 ‚

2111 262 2164 344 9
2220 298 2230 315 x

1268 359 1354 400 quae
1368 348 1416 386 ad
1440 349 1589 387 Animae
1614 345 1807 399 salutem3
1835 348 1876 390 &
1898 347 2151 392 conscientiae
2173 266 2287 404 <15uie⁴

1267 413 1349 443 teni
1365 431 1377 453 ‚
1404 415 1522 456 prout
1539 406 1727 449 hactenus
1743 418 1930 461 expertus
1947 405 2022 450 fuit
2036 435 2049 458 ,
2073 409 2131 449 uti
2147 407 2250 462 posse
2264 433 2280 455 2

1267 461 1483 516 plurimum
1496 463 1691 507 defiderat
1705 478 1719 516 3
1743 466 1872 507 Nobis
1887 476 2104 522 propterea
2119 465 2284 507 humili-

1266 529 1330 560 ter
1344 518 1553 574 supplicari
1569 519 1665 563 fecit
1681 549 1695 570 a
1720 534 1763 564 ut
1781 525 1848 564 sibi
1865 525 1903 566 in
1918 522 2110 580 praeniiffis
2131 537 2280 578 oppor-

1263 577 1362 620 tune
1376 577 1681 632 providere,&‚
1695 591 1737 620 ut
1753 578 2084 638 infra,indulge'te
2098 580 2149 623 de
2165 581 2282 623 beni-s

1264 636 1417 689 gnitate
1432 635 1663 688 Apostolica
1689 637 1943 692 dignaremur
1967 670 1980 682 .
2009 645 2095 683 Nos
2116 641 2205 690 Te,
2230 652 2279 679 ac

1260 692 1490 746 Principem
1504 692 1734 746 praedictum
1749 695 1979 749 specialibus
1994 700 2070 740 &c.
2088 697 2279 742 volentes

1260 752 1300 790 &
1323 763 1468 791 eorum
1495 750 1709 804 singulares
1735 754 1921 807 personas
1942 758 1965 799 ὲ
1981 755 2180 811 quibusvis
2192 756 2273 795 &c.

1261 806 1489 858 censentes,
1504 807 1728 864 hujusmodi
1745 811 2095 866 supplicationibus
2110 813 2282 854 inclina·

1260 865 1308 916 ti,
1325 874 1367 907 ut
1390 865 1439 907 ad
1458 866 1658 907 biennium
1675 869 1829 909 tantum
1844 869 1896 911 de
1912 871 2168 925 superiorum
2183 877 2279 912 tuo-'

1260 938 1347 965 rum
1360 923 1524 966 licentia
1539 923 1658 979 pen'es
1671 923 1823 968 dic‘ium
1833 928 2059 981 Principem
2071 941 2277 982 permane-

1258 996 1334 1032 re,
1359 996 1404 1023 ac
1427 983 1467 1023 in
1494 981 1579 1037 ejus
1603 983 1724 1025 domo
1748 984 1926 1039 degere,
1954 986 2275 1037 &commorari‚

1255 1041 1312 1082 ita
1326 1051 1475 1088 tamen,
1491 1051 1535 1081 ut
1549 1040 1882 1098 quandocumque
1898 1041 2059 1084 biennio
2077 1042 2278 1095 hujusmo-

1257 1098 1298 1139 di
1326 1098 1528 1151 durante,
1550 1098 1570 1138 τὶ
1595 1100 1877 1154 Superioribus
1903 1101 1983 1142 tuis
2009 1101 2200 1154 praedietis
2223 1101 2277 1142 ad

1255 1156 1424 1212 'claustra
1441 1157 1620 1199 revocari
1636 1157 1750 1213 pollis
1763 1188 1777 1210 ‚
1798 1157 1976 1201 libere&
1990 1158 2102 1199 licite
2115 1185 2129 1207 ³
2145 1174 2189 1201 ac
2206 1160 2278 1204 ab,

1256 1214 1354 1270 sque
1378 1215 1499 1257 ullius
1527 1229 1641 1271 paenae
1666 1231 1740 1272 per
1766 1216 2085 1260 Constitutiones
2111 1215 2276 1257 Ordinis

1254 1273 1478 1330 hujusmodi
1493 1276 1799 1330 quomodolibet
1815 1276 2000 1331 impositae
2016 1273 2175 1316 incursu
2204 1287 2276 1314 va-

1255 1333 1338 1375 leas
1355 1362 1370 1384 ,
1400 1333 1654 1376 Auctoritate
1667 1334 1894 1390 Apostolica
1910 1363 1924 1385 ‚
1939 1344 2083 1376 tenore
2108 1332 2277 1386 praesen-

1256 1393 1354 1432 tium
1389 1391 1676 1442 concedimus,
1707 1395 1746 1433 &
1770 1391 2048 1447 indulgemus.
2082 1394 2174 1433 Non
2201 1390 2276 1430 ob-

1255 1449 1351 1491 stan.
1376 1449 1596 1505 praemiffis,
1620 1464 1666 1492 ac
1679 1451 2070 1498 Constitutionibus‚
2094 1446 2276 1493 &Ordi-

1255 1508 1480 1551 nationibus
1498 1507 1735 1562 Apostolicis
1752 1535 1766 1557 2
1794 1523 1868 1550 nec
1896 1523 1976 1551 non
2001 1508 2095 1550 dieti
2109 1505 2273 1550 Ordinis

1255 1568 1378 1609 etiam
1394 1569 1470 1607 &c.
1490 1565 1643 1607 statutis
1658 1595 1671 1616 ,
1700 1570 1736 1608 &
1751 1566 2104 1608 consuetudinibus
2116 1594 2130 1617 ,
2145 1563 2275 1618 privi-

1252 1625 1370 1678 legiis
1385 1626 1464 1665 &c.
1488 1624 1689 1666 innovatis
1704 1654 1716 1665 .
1748 1625 1906 1684 Qibus
1919 1624 2100 1666 omnibus
2114 1647 2130 1674 ,-
2144 1623 2183 1661 &
2200 1619 2275 1661 fin-

1249 1683 1354 1739 gulis
1382 1682 1546 1724 illorum
1574 1691 1736 1725 tenores
1752 1685 1829 1723 διε.
1850 1682 2091 1738 derogamus
2108 1710 2123 1734 ,
2153 1685 2275 1720 caete÷

1249 1742 1379 1796 risque
1394 1740 1606 1783 contrariis
1623 1741 1939 1796 quibuscumque
1957 1769 1969 1781 .

1311 1802 1455 1841 Datum
1471 1800 1609 1840 Romae
1632 1799 1735 1853 apud
1761 1802 1800 1841 S.
1818 1801 1983 1840 Petrum
2009 1799 2078 1842 die
2091 1813 2186 1842 x1v.
2196 1801 2272 1855 Ju:

1247 1857 1289 1898 lii
1306 1869 1557 1905 mcccxxvii.
1582 1856 1813 1900 Pontificat.
1832 1857 1950 1899 nostri
1964 1860 2086 1900 Anno
2099 1870 2269 1914 quarto.

1306 1976 1363 2015 Ex
1386 1975 1480 2027 Reg.
1500 1973 1777 2028 Authographo
1805 1975 1969 2017 Archivt'
1987 1978 2128 2016 Secret.
2154 1979 2272 2019 Brcv.

1362 2030 1628 2089 Apoll-mens?
1651 2033 1948 2087 &metaphrast
1961 2031 2159 2090 fOl·²²-¹·.
2259 2029 2263 2032 ⁴

945 2159 1499 2250 NOTA.

165 2295 255 2383 A
274 2294 414 2342 Ngelus
434 2295 476 2331 ab
494 2296 599 2333 Actio
613 2320 627 2341 ,
650 2297 709 2345 qui
730 2298 835 2336 nostri
859 2297 1023 2344 temporis
1033 2299 1147 2335 Heros
1160 2322 1174 2342 ,
1191 2301 1226 2333 &
1242 2297 1412 2343 peculiare
1426 2299 1565 2334 virtutis
1585 2300 1758 2345 exemplar
1769 2300 1842 2343 est,
1862 2299 2063 2342 obscurum,
2090 2299 2267 2336 humilem-

282 2353 348 2388 que
363 2344 383 2376 a
395 2344 523 2380 mundo
535 2345 709 2393 acquisivit
727 2356 838 2383 ortum
856 2358 869 2387 3
897 2345 1048 2382 nobilem
1070 2356 1180 2382 autem
1192 2369 1205 2389 ‚
1241 2345 1440 2393 felicemque
1453 2348 1495 2383 de
1506 2348 1609 2382 Coelo
1634 2347 1740 2382 hausit
1753 2347 1898 2383 indolem
1912 2371 1925 2389 ,
1952 2347 2172 2391 solertemque
2194 2359 2266 2383 ma,

169 2399 273 2428 ternae
295 2390 507 2428 educationis
522 2404 635 2430 curam
665 2393 778 2439 dignis
786 2394 927 2440 fignavit
943 2395 1096 2431 moribus
1109 2421 1121 2431 .
1147 2395 1321 2430 Habitum·
1330 2396 1423 2430 Sacri
1442 2395 1590 2430 Ordinis
1607 2407 1730 2442 ,quem
1746 2395 1933 2430 tentatione
1958 2394 2070 2430 vietus
2097 2395 2175 2431 bina
2190 2395 2267 2431 vice

165 2435 351 2485 deposuit,
374 2439 474 2475 tertia
495 2441 635 2487 induit,
659 2442 826 2479 mirabiles
853 2442 1018 2488 religiosae
1033 2442 1112 2479 v'itae
1136 2441 1170 2478 in
1193 2444 1293 2479 corde
1307 2443 1366 2477 suo
1385 2442 1549 2488 disposuit
1572 2442 1778 2479 ascenliones
1791 2464 1805 2484 ‚
1831 2443 1866 2477 8(
1886 2465 1898 2483 ,
1911 2451 1948 2476 ut
1961 2441 1992 2477 se
2007 2443 2116 2486 primo
2131 2443 2270 2486 aggres-

167 2487 239 2523 sum
254 2486 427 2530 vinceret,
447 2500 645 2538 carnemque
668 2491 735 2537 legi
749 2491 902 2539 Spiritus
915 2491 1016 2539 plene
1030 2490 1209 2538 subjiceret
1226 2491 1449 2533 ‚continuum
1468 2490 1521 2525 illi
1537 2489 1688 2525 deci-evit
1701 2491 1826 2524 bellum
1843 2516 1851 2523 .
1876 2491 1963 2533 Erga
1982 2490 2169 2525 Dominicae
2191 2491 2268 2526 Pas-

163 2534 271 2573 sionis
295 2535 447 2591 mysteria
459 2547 584 2575 tenerae
597 2540 835 2587 compaffionis
862 2540 1129 2575 serebaturcultu
1139 2550 1152 2578 3
1176 2539 1256 2575 inde
1269 2538 1302 2573 in
1317 2538 1515 2574 memoriam
1528 2538 1667 2584 myri-ati
1684 2538 1753 2572 vini
1769 2561 1782 2581 ,
1807 2538 1900 2583 quod
1913 2538 1947 2572 in
1961 2537 2175 2581 Golgotliaeo
2191 2540 2267 2573 col·

163 2583 198 2619 le
212 2583 334 2620 litienti
344 2584 481 2620 Christo
501 2587 719 2634 propinatum
742 2588 806 2626 suit
820 2612 833 2632 ‚
852 2590 1055 2636 plerumque
1077 2586 1218 2622 frustum
1243 2589 1358 2626 alo'c's,
1383 2587 1439 2622 seu
1463 2586 1537 2621 felis
1557 2584 1676 2620 bovini
1698 2586 1732 2620 in
1757 2596 1817 2621 ore
1833 2586 2032 2627 volutavit,
2057 2586 2090 2620 8(
2112 2585 2266 2632 quotidie

162 2634 318 2668 aculeato
331 2631 532 2679 stellamque
560 2646 619 2672 aut
629 2638 761 2673 nodoso
775 2638 884 2682 flagro
900 2646 1024 2682 corpus
1043 2635 1205 2671 atrociter
1219 2634 1419 2679 castigavit:
1444 2633 1572 2679 fuitque
1587 2634 1643 2669 die
1662 2633 1808 2670 Veneris
1820 2634 1991 2679 duplicata
2005 2635 2077 2668 dira
2092 2634 2238 2669 devotio
2250 2657 2265 2676 ‚

162 2679 346 2725 &insuper
364 2691 488 2728 corpus
506 2684 660 2728 longiore
675 2695 827 2732 tempore
842 2686 875 2720 in
886 2684 1009 2719 Crucis
1022 2684 1159 2719 modum
1171 2683 1266 2729 supra
1281 2684 1511 2729 pavimentum
1525 2682 1703 2719 extensum
1715 2707 1726 2718 .
1755 2683 1885 2718 Debuit
1901 2683 1970 2719 haec
1986 2681 2073 2717 sacra
2091 2683 2241 2730 tyrannis
2251 2705 2266 2724 ,

162 2726 272 2763 totius
299 2728 363 2763 suae
378 2729 456 2767 vitae
471 2730 535 2766 esse
546 2743 682 2777 comes,
709 2743 787 2770 tunc
805 2734 915 2769 soliim
929 2740 1054 2767 mutata
1066 2753 1079 2772 ‚
1102 2732 1236 2779 quando
1252 2742 1348 2766 amor
1362 2755 1374 2774 ,
1400 2729 1537 2767 Christo
1562 2730 1811 2776 compatiendi,
1837 2730 2012 2767 acerbiora
2032 2731 2257 2776 excogitavit

163 2787 291 2823 genera
317 2775 450 2824 doloris
462 2802 472 2813 .
497 2780 609 2815 Cursu
623 2781 810 2818 studiorum
824 2781 1019 2826 completo,
1046 2779 1187 2815 insolito
1201 2778 1299 2814 semel
1317 2779 1492 2825 splendore
1505 2777 1657 2817 einans,
1679 2777 2008 2823 SpirituiOrationis
2024 2789 2141 2813 vacare
2152 2777 2262 2825 jussus

162 2825 235 2860 est:
259 2822 417 2860 obedivit
442 2826 550 2870 voci,
575 2827 610 2863 8(
630 2829 760 2865 nonnisi
787 2830 879 2866 arida
906 2837 1026 2865 merite,
1039 2838 1100 2873 per
1119 2828 1263 2863 duorum
1277 2838 1439 2862 annorum
1468 2825 1822 2870 spatium,promiffum
1847 2824 2064 2871 exspeetavit
2080 2826 2236 2861 {blatium
2251 2850 2266 2860 .

163 2871 387 2910 Constantem
403 2875 591 2920 praemiavit
616 2879 724 2913 altera
737 2889 808 2912 vox
821 2903 832 2919 ,
856 2887 931 2922 quae
955 2874 1121 2920 Spiritum
1132 2873 1360 2917 intelligentiae
1379 2873 1677 2919 SacraeScripturae
1706 2874 1737 2908 ei
1760 2874 1955 2919 adpromisit
1969 2899 1980 2908 .
2010 2871 2100 2908 Mire
2116 2884 2258 2919 quoque

162 2919 218 2957 hic
232 2919 278 2956 -iu
290 2932 334 2956 eo
344 2920 564 2969 resplenduit,
591 2936 670 2962 nam
681 2925 835 2974 mysteria
848 2922 928 2960 fidei
945 2922 992 2958 ita
1010 2922 1225 2970 penetravit,
1249 2930 1287 2956 ut
1301 2920 1390 2967 quasi
1401 2933 1441 2956 ea
1454 2920 1608 2964 videret,
1632 2922 1666 2957 8(
1681 2921 1726 2956 ita
1739 2919 1798 2957 illa
1812 2921 1934 2965 scivit,
1961 2927 1999 2956 ut
2014 2919 2106 2966 quali
2120 2921 2257 2956 credere

164 2981 205 3006 ea
219 2969 312 3006 haud
329 2971 463 3007 valeret
480 2997 491 3008 .

261 3016 354 3052 Cum
380 3028 489 3055 tamen
503 3020 588 3058 olim
600 3021 663 3058 illa
677 3022 792 3060 fucato
803 3017 965 3060 facundiae
979 3029 1106 3056 ornatu
1122 3041 1135 3062 ‚
1158 3018 1193 3053 &
1207 3027 1295 3053 vano
1310 3017 1493 3054 verborum
1518 3015 1602 3053 fastu
1615 3017 1657 3054 de
1669 3016 1806 3062 pulpito
1819 3016 2009 3062 explicaret
2023 3040 2035 3059 ‚
2058 3014 2171 3059 tetigit
2185 3025 2262 3050 cum

166 3066 302 3102 occulta
327 3065 380 3102 vis
391 3089 404 3110 ‚
429 3068 649 3118 linguamque
665 3069 824 3108 vanitatis
837 3069 882 3106 ita
895 3069 1020 3115 figavit
1034 3091 1044 3111 ,
1061 3076 1099 3103 ut
1115 3068 1257 3102 verbum
1272 3066 1415 3101 ulterius
1428 3065 1577 3111 proferre
1592 3078 1659 3100 non
1676 3064 1780 3109 poffet
1796 3089 1806 3099 .
1832 3066 1938 3099 Acuit
1956 3063 2111 3118 confusio
2129 3064 2263 3118 intelle-

170 3112 262 3149 &um
277 3136 291 3155 2
313 3113 348 3150 8(
363 3113 514 3153 Verbum
541 3119 607 3156 Dei
627 3118 716 3156 inani
740 3119 945 3165 eloquentiae
970 3116 1157 3153 calamistro
1183 3124 1253 3149 non
1266 3124 1366 3156 egere
1386 3114 1656 3149 animadvertens
1671 3134 1685 3154 ,
1708 3113 1835 3147 nonnisi
1846 3112 1960 3159 Jel'um
1975 3111 2146 3146 Christum
2166 3111 2262 3144 dein-

169 3173 250 3208 ceps
260 3184 274 3205 s
292 3162 327 3197 8(
339 3162 427 3200 hunc
435 3166 572 3211 quidem
586 3169 802 3206 Crucifixum
819 3166 1012 3214 praedicavit
1026 3190 1039 3208 ,
1065 3175 1103 3200 ac
1118 3162 1274 3198 liberiore
1291 3172 1378 3196 voce
1390 3160 1569 3205 grassantes
1583 3160 1703 3195 abusus
1718 3161 1914 3205 perstrinxit
1927 3183 1942 3213 ⁴.
1960 3158 2118 3214 Fruftum
2141 3169 2185 3213 εἰ(
2200 3158 2262 3191 hac

170 3210 375 3255 Apostolica
400 3211 584 3250 Rhetorica
604 3216 697 3252 illic'o
718 3215 836 3255 vidit3
862 3215 948 3251 vidit
970 3218 1002 3249 &
1025 3213 1122 3249 illum
1138 3211 1259 3246 invido
1279 3211 1384 3244 oculo
1411 3208 1567 3244 inimicus
1590 3210 1714 3246 hom03
1742 3208 1816 3243 hinc
1829 3231 1852 3263 ³.
1871 3206 2035 3263 utullum·
2055 3205 2231 3251 impediret
2241 3226 2260 3246 .,

171 3258 233 3293 sub
252 3257 421 3295 concione
445 3261 499 3295 vel
525 3262 653 3300 cnaeus
679 3265 713 3299 in
733 3262 900 3299 turbinem
922 3262 1072 3298 nubibus
1090 3258 1254 3303 mugitum
1268 3257 1452 3292 tonitruum
1466 3256 1637 3292 suscitavit
1651 3278 1664 3298 ,
1684 3256 1739 3289 vel
1753 3255 1897 3298 gravius
1913 3265 1946 3287 in
1957 3265 2072 3310 fapite
2086 3254 2258 3307 Angelum

171 3305 348 3353 pei-cume:
370 3306 471 3343 semel
496 3309 592 3346 illum
603 3311 637 3347 in
653 3316 765 3348 n'erem
779 3312 930 3346 elevavit
943 3338 954 3354 ,
978 3312 1011 3347 8(
1025 3321 1086 3346 ceu
1100 3308 1279 3353 plumbum
1293 3304 1327 3338 in
1343 3313 1462 3338 terram
1478 3304 1603 3351 dejecit
1617 3326 1629 3346 ‚
1647 3313 1699 3339 ex
1717 3314 1786 3348 quo
1798 3313 1857 3358 pes
1870 3311 2019 3358 graviter
2040 3302 2134 3358 lapsus
2154 3302 2260 3357 usque

170 3354 212 3389 ad
235 3354 311 3401 ejus
332 3364 474 3391 mortem
489 3357 706 3396 ministerium
728 3359 804 3406 ejus
818 3359 1060 3403 Evangelicum
1079 3353 1226 3392 reddidit
1239 3363 1306 3388 non
1331 3354 1447 3397 parmi
1468 3353 1644 3387 onerosum
1662 3376 1671 3386 .
1697 3351 1897 3395 Duplicavit
1913 3361 1960 3385 ex
1972 3350 2034 3386 hac
2056 3350 2185 3407 invidia
2196 3349 2262 3383 Vir

171 3403 240 3438 Dei
266 3403 315 3438 sui
328 3402 453 3439 laboris
482 3406 592 3441 zelum
605 3432 618 3450 ,
631 3408 666 3444 8(
684 3407 879 3454 ubicunque
902 3407 997 3442 illum
1015 3405 1185 3440 Misliones
1209 3401 1317 3437 facere
1333 3398 1549 3442 contingeret
1568 3424 1580 3443 ,
1603 3400 1634 3435 se
1647 3406 1756 3434 totum
1768 3399 1956 3433 animarum
1982 3397 2154 3445 obsequiis
2170 3408 2263 3453 mari.

171 3450 302 3496 cipavit
320 3479 328 3487 .
354 3451 515 3488 Prufium
544 3455 907 3495 laborisfoecundavit,
932 3453 1072 3500 quodin
1088 3451 1224 3494 Angelo
1237 3446 1399 3489 eminuit,
1424 3446 1560 3483 virtutis
1572 3447 1792 3491 exemplum:
1817 3457 1861 3480 ex
1875 3447 1984 3482 Leone
2011 3446 2143 3489 Magno
2168 3444 2259 3480 vah-

171 3497 270 3535 ἀίοντι
295 3496 354 3550 ‘'ff‘'
369 3501 514 3550 exempla
525 3527 539 3546 ‚
564 3502 664 3551 quzim
680 3504 787 3540 verba
802 3527 816 3548 ,
833 3503 876 3544 ὠ·
885 3502 1018 3551 ρΙεηὶἰις
1036 3509 1131 3548 opere
1151 3498 1286 3538 doceri,
1311 3493 1411 3548 qutim
1420 3505 1501 3529 voce
1511 3517 1524 3537 ,
1550 3495 1703 3538 Angelus
1717 3492 1846 3539 optime
1859 3505 2022 3536 noverat,
2036 3495 2141 3549 hinc?
2168 3492 2262 3528 ficuti

173 3547 341 3583 corsuum
365 3550 502 3586 virtutis
520 3552 628 3588 sedem
651 3551 784 3596 effecit,
812 3551 860 3587 ita
887 3551 987 3597 liujus
1012 3549 1122 3585 radios
1143 3545 1293 3582 cominus
1311 3546 1437 3587 temper
1462 3541 1604 3587 spat-lit.
1630 3543 1664 3577 8(
1689 3540 1769 3597 licut
1796 3543 1887 3588 apud
1903 3537 2260 3598 Deumffltumilitate..

174 3594 257 3630 nihil
283 3597 329 3631 est
346 3597 526 3635 sublimius
537 3623 550 3643 ‚
574 3599 620 3635 ita
633 3601 822 3636 humilitate
837 3599 962 3643 Angeli
976 3598 1057 3633 nibil
1071 3604 1141 3631 erat
1158 3591 1379 3639 profundius:
1397 3590 1431 3624 in
1447 3590 1599 3625 omnium
1622 3590 1730 3645 qeulis
1743 3588 1806 3643 suit
1816 3600 1961 3646 magnus
1977 3616 1988 3632 ,
2007 3589 2068 3624 {ibi
2087 3591 2261 3642 duntaxat

175 3653 323 3687 Parvus,
336 3645 416 3679 dum
431 3655 502 3682 erat
513 3647 665 3683 omnium
688 3649 721 3685 in
737 3648 915 3686 Provincia
931 3647 1078 3683 Κεξὶοῐ,
1108 3645 1141 3679 8(
1160 3641 1278 3678 Praeses
1292 3663 1303 3680 ‚
1333 3637 1525 3673 Ministrum
1552 3638 1707 3672 omnibus
1732 3638 1762 3673 le
1773 3639 1930 3675 exhibuit
1945 3660 1959 3680 ,
1986 3639 2019 3674 8(
2031 3638 2163 3673 servum
2177 3659 2188 3678 ‚
2202 3646 2262 3680 qui

174 3691 360 3726 ministrare
373 3714 385 3733 ‚
410 3694 444 3729 8(
469 3707 540 3731 non
555 3697 734 3732 ministrari
747 3697 881 3732 voluit.
913 3697 1075 3740 Dumque
1100 3690 1157 3726 alii
1172 3689 1339 3724 cumulata
1365 3685 1401 3719 in
1415 3697 1458 3720 eo
1476 3685 1613 3720 Divinae
1627 3685 1798 3722 Bonitatis
1817 3685 2232 3722 charismatalextollebant
2247 3707 2260 3725 ,

175 3737 246 3784 ipse
260 3749 394 3774 econtra
409 3741 510 3777 vilem
530 3745 694 3780 natalium
710 3745 842 3780 suorum
857 3743 1090 3778 conditionem
1103 3762 1116 3780 ,
1137 3737 1347 3782 duplicatum
1363 3735 1381 3768 f:
1398 3732 1583 3768 Novitiatu
1599 3732 1759 3776 egreffum
1775 3757 1788 3776 ‚
1812 3734 1962 3780 aliosque
1979 3735 2012 3768 iii
2035 3734 2153 3768 saeculo
2166 3741 2260 3765 com-

174 3785 289 3844 m1ff93
312 3786 461 3826 defeetus
474 3790 509 3826 1„
525 3793 574 3828 sui
588 3792 811 3840 vilipendium
827 3790 1070 3836 exaggeravit.
1101 3781 1449 3823 ReddiditAltiflimo
1469 3791 1552 3817 vota
1573 3781 1630 3816 sua
1658 3792 1701 3816 eo
1724 3782 1855 3826 studio,
1877 3782 1910 3817 8(
1931 3781 2261 3871 perfetftionxzzjoquae
