2618 4108
942 264 1171 354 Cala
1190 270 1572 359 ritan'al·
2065 300 2173 354 22
2186 303 2254 381 31

229 398 231 401 ·
297 377 403 418 Circa
426 378 684 427 praecedentiam
700 381 785 418 verb
795 379 1022 430 unusqusique
1034 381 1278 419 Provincialis
1299 386 1478 433 utriusque
1501 385 1695 423 Provinciae
1710 394 1833 423 utatur
1851 385 1933 435 jure
1948 388 2012 435 suo
2024 387 2221 436 secundnm
2229 401 2315 424 mm.

201 436 272 464 rem
283 427 326 469 ῤ’
338 427 614 476 consuetudinem
627 427 844 476 Religionis:
874 431 913 464 in
932 428 1060 467 tabulis
1081 439 1196 467 autem
1211 432 1448 480 Capitulorum
1462 433 1686 472 Generalium
1707 434 1829 472 habeat
1847 435 1997 482 primum
2006 435 2055 472 loc
2064 446 2121 472 um
2135 435 2317 472 “Provinss

199 475 254 520 cia
270 475 480 514 Calaritana
490 502 500 519 ,
513 476 661 524 respeflu
678 477 877 513 Provincia
890 474 1089 516 Turritanae
1105 502 1118 521 ,
1143 479 1185 520 (θ’
1202 478 1268 516 haec
1283 480 1472 527 secundum
1486 484 1637 520 obtineat
1650 507 1661 517 .

301 525 407 563 Circa
430 524 576 572 confinia
597 533 709 562 autem
732 536 771 560 ea
791 525 830 560 in
852 525 984 562 modum
999 526 1194 575 sequentem
1211 527 1401 565 dividimus
1420 529 1681 577 &stabilimusz
1706 530 1910 568 ‘Provincia
1934 531 2133 569 Turritanae
2155 532 2281 580 adseri.

205 572 338 611 buntur
360 572 432 609 loca
453 573 493 610 de
505 571 649 617 Gallus,
662 570 798 621 scilicet
816 570 970 622 Tempier
988 598 1002 618 ‚
1023 574 1229 612 Colonianus
1243 599 1256 618 ‚
1281 577 1386 613 Luris
1398 603 1410 620 ,
1435 577 1648 625 ‘Boreigiada
1661 602 1673 621 ,
1699 577 1848 623 Nugnes
1864 603 1876 620 ‚
1901 579 2061 616 ‘Baronia
2085 581 2125 619 de
2137 580 2186 618 Po
2203 581 2292 624 ada,
2311 610 2313 613 .

196 620 332 672 scilicet
343 646 357 666 ,
380 620 541 670 Sinipolae
554 644 568 665 ,
592 618 724 670 Torpe,
747 619 898 669 Poj'ada,
925 622 1035 660 Ludi:
1056 622 1215 659 ‘Barom'a
1231 624 1272 659 de
1289 625 1404 672 ersei
1415 650 1426 665 ,
1442 625 1600 672 seilicet:
1627 624 1739 665 Sala,
1760 626 1900 663 Galcelli
1918 654 1924 663 .
1949 628 2096 676 Dorgali
2110 651 2123 671 ,
2149 628 2268 677 Orosei
2283 657 2314 673 ‚„

204 669 354 718 Onifai,
376 669 511 714 Locoli,
533 668 637 716 lrgolu·
650 693 663 712 ‚
690 667 810 715 Torpei
822 693 836 713 ‚
851 670 1057 708 Encontiata
1078 671 1120 708 de
1134 670 1305 707 ‘Bar-bana
1326 672 1366 708 de
1392 671 1525 710 Ecolai.
1540 672 1700 722 seilicet:
1725 672 1835 709 Fonni
1849 699 1860 718 ‚
1886 676 2110 723 Mamoyada,
2136 677 2266 718 Orzaci
2282 702 2296 721 ‚

203 718 332 758 Lodini
344 742 357 763 ‚
382 719 533 760 Gavois‚
559 715 685 764 Ocalay
699 740 711 760 ,
737 716 882 754 Ovodda
890 743 905 762 ‚
932 715 1029 756 Vitta
1041 720 1082 755 de
1095 718 1211 756 Sedilo
1225 742 1238 762 ‚
1261 719 1327 756 Loa
1339 720 1380 756 de
1401 719 1604 756 ‘Bonae-cado
1615 745 1628 763 ,
1653 721 1804 766 senegai
1817 723 1859 762 ἐς·
1875 722 2053 760 Nacbulia
2069 753 2076 761 .
2103 722 2310 764 Provinciae‘

203 776 319 804 autem
333 765 546 809 *Calaritanae
557 764 764 814 affignantnr
776 765 861 802 Loca
880 767 1081 804 incontratae
1106 767 1147 803 de
1159 767 1357 804 Parteocier
1370 792 1381 809 ‚
1395 767 1466 803 loca
1478 769 1519 804 de
1534 770 1660 806 Canois
1673 794 1682 808 ,
1698 767 1835 814 scilicet
1847 770 2014 818 Gadasun
2023 796 2035 812 ,
2062 771 2270 820 Bofflmedu'n
2281 797 2294 818 ,

211 809 327 859 Turi,
352 813 480 853 Soddi-
505 811 586 850 Nor
611 811 736 856 uidd0,
766 813 886 850 Domo:
908 827 1037 859 novas,
1062 816 1148 853 Loca
1173 814 1214 851 de
1242 815 1348 852 Parte
1362 815 1547 863 ‘Barigadu
1560 815 1742 862 Ardauly,
1773 815 1945 859 Mundi,
1971 820 2061 862 vla,
2089 821 2292 864 Sarradili‚

209 860 348 903 Nuedu
361 885 373 906 ,
398 859 526 897 Bidom‘
541 872 554 901 ς
581 825 675 897 §illa
688 870 800 898 autem
814 862 917 900 Pauli
932 864 1053 901 Latini
1068 872 1131 911 pro
1143 862 1223 897 tana
1234 863 1277 903 ὡ·
1288 862 1358 898 lino
1377 863 1586 912 adscribitur
1601 864 1795 901 Provinciae
1812 863 2036 910 Turritanae3
2061 867 2196 915 reliqua
2213 870 2294 905 vera

211 911 284 948 loca
305 909 484 958 utriusque
501 907 708 945 ‘Provinciae
731 921 930 949 remaneant
950 914 989 948 in
1005 912 1070 960 suo
1083 909 1142 961 effe
1163 910 1307 958 respeSIu
1321 913 1500 959 utriufiJue
1510 913 1705 950 Provinciae
1723 937 1734 952 ‚
1757 912 1800 953 &¹
1817 937 1828 954 ‚
1850 923 1892 950 ut
1903 915 2108 964 imposterum
2138 916 2231 951 nulla
2248 918 2302 965 sie,

209 958 388 997 altercatio
410 959 450 993 iu
462 965 611 1004 ueraque
625 957 825 994 Provincia
836 983 850 1003 ,
870 962 1083 1009 praecipimus
1095 960 1246 995 omnibus
1257 957 1438 996 Fratribus
1451 959 1630 1007 utriusque
1644 960 1856 1003 Provincia,
1886 971 1927 997 ut
1945 962 2114 1012 persistant
2135 966 2173 998 in
2186 966 2295 1012 obser-

208 1006 334 1045 vantia
347 1005 449 1042 hn'us
473 1004 574 1055 nostri·
586 1005 724 1042 Det-reti
737 1028 750 1050 ,
763 1006 830 1054 sub
850 1017 946 1055 prena
956 1009 1166 1056 privationis
1175 1008 1265 1042 vocis
1286 1007 1403 1044 atlivae
1415 1010 1458 1050 «θ’
1467 1009 1596 1057 paffivae
1606 1008 1670 1057 Jfic
1683 1007 1898 1046 decernimus
1914 1033 1927 1054 ,
1940 1012 2136 1048 mandamus
2150 1013 2191 1054 ὃν
2205 1013 2293 1049 ordi.

211 1066 351 1093 namus.
413 1062 508 1092 atum
519 1051 633 1090 Rom
654 1053 712 1092 die
739 1067 795 1091 11.
810 1052 920 1104 Jnnii
937 1057 1037 1104 1698.
1820 1066 1822 1069 ’

667 1167 738 1211 Fr.
752 1170 871 1223 Joan.
892 1172 1023 1211 Petrus
1039 1166 1224 1220 Minister
1238 1167 1442 1211 Generalis
1467 1182 1551 1212 cum
1567 1162 1800 1227 Definitorio
1819 1169 2007 1213 Generali
2023 1201 2035 1212 .

209 1424 436 1483 Decreta,
467 1425 632 1493 quibus
668 1430 714 1477 S.
734 1426 1049 1496 congregatio
1080 1422 1225 1492 Episc.

278 1493 328 1545 δι
364 1497 532 1565 Regul.
568 1497 796 1547 Fratribus
832 1498 977 1564 Regni
1011 1496 1226 1552 Sardiniae

279 1567 563 1618 Facultatem
591 1567 736 1616 Tertii
774 1566 962 1616 Ordinis
997 1567 1223 1616 Habitum

282 1635 577 1685 Saecularibus
592 1635 820 1703 utriusque
838 1634 964 1685 sexus
979 1633 1225 1703 dispensan-

280 1703 328 1753 di
365 1719 625 1773 competere
651 1707 921 1756 nominatim
951 1706 1226 1763 declaravit,

282 1771 544 1843 confirmat.

219 1914 721 1965 CLEMENS
823 1918 1033 1965 PAPA
1123 1914 1230 1962 xl.

413 2052 483 2098 Ad
496 2053 689 2112 futuram
710 2053 769 2096 rei
791 2056 1029 2097 memoriam.

212 2179 312 2293 E
328 2177 542 2223 Manatum
559 2195 688 2237 nuper
701 2182 721 2224 ὲ
735 2182 1072 2237 Congregatione
1088 2182 1228 2222 Vene-

341 2236 525 2280 rabilium
541 2241 727 2282 Fratrum
743 2244 964 2281 nostrorum
979 2245 1012 2280 S.
1024 2241 1227 2280 &ti-Car.

213 2295 408 2336 dinalium
435 2299 617 2351 negociis
640 2325 654 2347 ‚
687 2299 727 2338 δι
751 2294 1103 2340 consultationibus
1132 2295 1226 2348 Epi-

212 2354 422 2407 scoporurn
435 2381 451 2404 ‚
477 2356 515 2395 &
535 2355 800 2410 Regularium
816 2351 1033 2410 praepofita,
1047 2354 1095 2395 ad
1119 2350 1230 2419 favo-

212 2424 302 2453 rem
311 2408 550 2454 dilectorum
567 2413 755 2455 Filiorum
774 2416 956 2455 fratrum
973 2412 1134 2454 Ordinis
1151 2413 1227 2451 Mr-

214 2482 357 2512 norum
386 2471 425 2511 S.
443 2469 639 2512 Francisci
657 2472 953 2526 (Iapucinorum
975 2478 1228 2524 nuncupato·

212 2540 302 2569 rum
319 2529 450 2583 Regni
468 2529 654 2571 Sardiniae
679 2531 755 2572 tria
776 2532 949 2572 Decreta
966 2529 1117 2570 tenoris
1129 2554 1144 2578 ,
1158 2525 1229 2580 qui

215 2585 402 2640 sequitur
416 2613 430 2635 ,
461 2587 653 2629 videlicet
672 2611 698 2622 -·
727 2590 770 2630 ln
789 2587 902 2629 causa
921 2596 1106 2628 vertente
1124 2586 1228 2626 inter

217 2644 361 2686 Patres
379 2646 558 2686 Minores
574 2645 797 2699 Capucinos
813 2647 944 2700 Regni
962 2644 1151 2687 Sardiniae
1176 2654 1226 2682 ex

216 2714 296 2743 una
311 2727 328 2748 2
355 2702 394 2742 &
409 2703 547 2745 Patres
573 2706 750 2745 Munores
771 2704 824 2745 de
839 2705 1102 2746 observantia
1129 2699 1227 2756 ejus

216 2759 311 2800 dem
328 2760 488 2815 Regni,
513 2759 579 2801 seu
593 2762 669 2802 &c.
694 2762 873 2816 partibus
894 2775 942 2803 ex
959 2760 1086 2803 altera
1104 2787 1117 2809 ‚
1148 2758 1199 2798 de
1214 2783 1228 2807 ,

215 2816 383 2871 &super
408 2817 661 2873 infrascripto
685 2819 847 2862 dubim--
870 2830 1042 2872 nempe,
1064 2819 1126 2858 An
1158 2818 1227 2857 Pa·

216 2876 346 2918 tribus
358 2877 577 2930 Cap-ucinis
594 2879 724 2934 Regni
737 2875 928 2929 Sardiniae
946 2876 1062 2918 liccat
1077 2872 1145 2915 dis
1138 2886 1230 2927 pen·

218 2931 304 2975 sare
318 2961 334 2984 ,
360 2932 424 2976 seu
440 2934 677 2977 distribuere
694 2936 888 2976 Habitum
906 2963 919 2984 ‚
945 2933 1008 2974 seu
1026 2931 1229 2985 scapulare

217 3002 388 3045 parvum
401 3006 494 3034 cum
508 2993 669 3048 cingulo
698 3000 735 3036 S.
756 2992 952 3035 Francisci
968 2991 1226 3033 Saecularibus

218 3049 420 3104 utriusque
441 3050 553 3093 sexus
582 3055 620 3092 in
647 3052 818 3107 propriis
849 3050 1071 3097 omuibus,
1096 3049 1135 3088 &
1159 3045 1227 3087 sub

216 3105 487 3162 iurisdietione
509 3109 712 3153 Ordinarii
731 3109 957 3151 viventibus
974 3132 988 3157 ‚
1012 3106 1079 3161 qui
1096 3105 1225 3146 deno-

216 3164 422 3207 minantur
447 3167 636 3218 Tertiarij
663 3195 676 3214 ,
702 3167 767 3209 seu
795 3168 903 3210 tertii
921 3163 1113 3212 Ordinis,
1143 3160 1221 3204 cos

215 3235 295 3276 que
312 3223 493 3278 dirigere
509 3225 546 3266 in
569 3225 836 3279 spiritualibus
851 3225 959 3279 juxta
978 3220 1153 3276 {tegulas
1169 3220 1226 3260 di·-

217 3281 268 3321 eti
285 3282 418 3323 Tertii
443 3282 607 3324 Ordinis
634 3285 671 3323 in
703 3283 870 3338 propriis
889 3281 1072 3324 Eccleliis
1103 3281 1139 3318 in
1160 3291 1227 3319 ca-

214 3339 274 3381 su?
288 3340 365 3381 &c.
378 3344 495 3382 Sacra
510 3342 784 3394 Congregatio
802 3338 1203 3382 Eminentiffimorum
1214 3362 1228 3386 ‚

214 3398 252 3438 &
281 3398 717 3440 Reverendiffimorum
746 3404 784 3442 S.
805 3402 854 3440 R.
874 3401 920 3440 E.
952 3395 1227 3439 Cardinalium

214 3454 413 3512 negotiis,
437 3457 476 3497 δι
497 3458 852 3499 consultationibus
880 3453 1225 3517 Episcoporum&

214 3513 476 3568 Regularium
491 3515 695 3571 praepofita
710 3545 723 3567 ‚
749 3515 923 3571 partibus
941 3511 1026 3568 ἱρῆς
1047 3511 1192 3575 auditis
1207 3536 1221 3560 ‚

215 3568 423 3616 referente
439 3573 752 3617 Eminentiffimo
765 3572 989 3617 Gabriellio
1001 3600 1015 3621 ,
1035 3568 1220 3631 censuit,

216 3641 263 3670 nc
288 3629 536 3682 declar-avit,
563 3644 799 3690 competere
829 3629 1133 3685 PP.Capucinrs
1161 3624 1220 3667 fa-

215 3686 410 3732 cultatem
429 3691 666 3735 conferendi
681 3690 913 3746 scapulare,
939 3690 1002 3733 stu
1025 3687 1219 3730 Habitum

215 3757 384 3800 parvum
397 3762 488 3791 cum
501 3750 664 3805 cingulo
679 3751 811 3793 Sanc‘ti
826 3747 1023 3792 Francisci
1037 3774 1048 3786 .
1083 3748 1219 3787 Romae

222 3805 285 3847 16.
297 3809 538 3851 Novembris
558 3820 685 3864 1703.
709 3809 853 3853 Et-die
876 3821 943 3864 29·
963 3809 1082 3852 Febr.
1099 3815 1218 3856 ¹704·

1707 1323 2167 1340 ———.--—,
2170 1326 2286 1338 ——

1285 1423 1421 1467 denuo
1445 1427 1592 1470 auditis
1617 1426 1898 1482 Religionibus
1916 1431 2078 1473 Parrum
2093 1432 2296 1476 Minorum

1285 1482 1336 1525 de
1350 1483 1640 1535 Observantia‚
1670 1487 1710 1527 δε
1737 1487 1813 1527 ΡΡ.
1831 1490 2036 1530 Minorum
2064 1490 2297 1544 Capucino-

1285 1555 1372 1582 rum
1398 1546 1437 1584 S.
1455 1541 1678 1594 francisci,
1705 1542 1909 1586 referente
1925 1547 2070 1589 eodem
2100 1548 2201 1589 Effio
2214 1552 2298 1590 Ga·-

1285 1600 1446 1644 briellio
1471 1631 1484 1653 ‚
1521 1601 1824 1643 Eminentiffimi
1857 1606 1997 1645 Patres
2025 1606 2296 1657 censuerunt,

1285 1659 1570 1714 perfistendum
1603 1657 1681 1702 effe
1706 1661 1746 1701 in
1772 1660 1911 1702 decifis
1937 1660 2005 1704 sub
2033 1663 2297 1717 praedistadie

1293 1717 1357 1758 16.
1383 1719 1626 1760 Novembris
1661 1729 1783 1771 1703.
1825 1720 1962 1761 Romae
1989 1722 2064 1762 δίς.
2093 1723 2169 1763 Die
2198 1725 2298 1765 vero

1289 1775 1330 1816 6.
1349 1776 1485 1817 Martii
1506 1769 1680 1832 ejusdem
1696 1777 1786 1817 anni
1802 1789 1917 1830 1704.
1945 1779 2067 1820 tertia
2094 1781 2182 1821 vice
2203 1795 2299 1835 pro-

1291 1834 1414 1890 posita
1430 1834 1558 1876 Causa
1575 1848 1650 1889 per
1666 1834 1854 1876 eumdem
1871 1835 2016 1879 Effium
2030 1838 2296 1880 Gabriellium

1290 1893 1339 1934 ad
1358 1906 1498 1946 preces
1514 1893 1791 1934 Procuratoris
1803 1895 2016 1937 Generalis
2034 1895 2298 1949 Commiffarii

1291 1951 1424 1992 Curiae
1439 1952 1638 1992 Minorum
1663 1951 1716 1992 de
1730 1952 1988 1996 Observantia
2000 1984 2015 2004 ‚
2042 1956 2079 1995 δε
2096 1957 2320 2002 procura-.-

1291 2007 1832 2051 torisGeneralisstrinioris
1845 2010 2117 2058 Observantiae
2132 2015 2298 2060 §.Fran-

1289 2066 1399 2118 cisci,
1413 2066 1555 2109 eadem
1572 2071 1661 2110 Sac.
1677 2070 1830 2122 Congr.
1846 2068 2023 2121 censuit,
2035 2084 2079 2114 ac
2096 2072 2299 2122 decrevit,

1286 2125 1584 2167 extradendum
1599 2124 1864 2179 supradictum
1880 2130 2051 2170 Decret.
2070 2131 2208 2177 Rornae
2222 2132 2298 2173 &c.

1288 2186 1341 2225 G.
1356 2183 1586 2226 Cardinalis
1614 2184 1838 2238 Carpineus
1855 2208 1879 2225 .<
1898 2188 2029 2228 Locus
2056 2186 2114 2240 ᾧ·
2139 2189 2297 2242 sigilli.

1356 2243 1463 2286 Cum
1489 2251 1623 2284 autem
1647 2269 1660 2292 ,
1698 2241 1796 2283 ficut
1824 2256 1896 2297 pro
1923 2254 2037 2298 parte
2067 2246 2204 2286 dilcsti
2231 2240 2307 2294 [ii-'⁵

1289 2295 1333 2340 1ἕὶ
1352 2298 1533 2340 moderni
1562 2301 1838 2342 procuratoris
1867 2302 2080 2344 Generalis
2108 2303 2205 2345 dic'ti
2220 2308 2298 2350 Or-

1288 2357 1390 2398 dinis
1416 2357 1542 2398 Nobis
1576 2354 1742 2399 subinde
1769 2355 1989 2412 expolitum
2017 2357 2092 2402 fuit
2113 2390 2128 2410 ,
2162 2363 2295 2415 ipse-³

1291 2419 1469 2458 Decreta
1495 2413 1715 2471 hujusmodi
1740 2443 1753 2465 ‚
1787 2417 1869 2471 quo
1897 2415 2044 2459 firmius
2069 2418 2264 2460 subsistant
2285 2448 2298 2469 ,

1289 2473 1520 2528 Apostolicae
1559 2471 1869 2514 confirmationis
1908 2474 2045 2516 nostrae
2075 2479 2300 2530 patrocinio

1288 2529 1525 2573 communiri
1563 2530 1776 2584 plurimum
1803 2531 2028 2574 defideret.
2063 2538 2146 2575 Nos
2174 2535 2300 2589 ipsum

1287 2588 1520 2646 modernum
1549 2591 1854 2630 Procuratorem
1883 2591 2129 2633 Generalem
2153 2591 2300 2647 specia-

1288 2648 1390 2690 libus
1414 2644 1612 2689 favoribus
1628 2673 1642 2693 2
1668 2648 1853 2701 &gratiis
1877 2648 2061 2704 prosequi
2084 2650 2264 2693 volentes
2285 2649 2302 2702 ‚⁴

1287 2707 1323 2748 &
1348 2707 1368 2746 a
1396 2703 1596 2760 quibusvis
1611 2707 2063 2757 excommunicationis,
2092 2706 2301 2763 suspenfio.

1287 2765 1347 2806 nis
1361 2763 1613 2805 &interdicti
1631 2791 1644 2811 ,
1666 2763 1834 2817 aliisque
1851 2765 2129 2809 Ecclefiasticis
2145 2766 2300 2813 senten-

1289 2823 1352 2864 tiis
1368 2850 1381 2872 ,
1411 2819 1589 2862 censuris
1609 2821 1648 2860 δι
1662 2821 1794 2875 poenis
1808 2824 1831 2864 a
1845 2821 1960 2876 jure,
1993 2824 2057 2866 vel
2072 2827 2121 2867 ab
2138 2826 2305 2867 homine

1288 2879 1422 2934 quavis
1449 2877 1655 2919 occasione
1672 2906 1684 2928 ,
1711 2879 1773 2919 vel
1800 2882 1912 2921 causa
1941 2880 2029 2923 latis
2053 2908 2067 2928 ·,
2105 2882 2128 2923 fi
2157 2884 2300 2938 quibus

1288 2935 1592 2992 quomodolibet
1620 2935 1835 2978 innodatus
1851 2937 2007 2986 existit,
2038 2939 2086 2981 ad
2113 2940 2307 2981 effeetum.

1289 2994 1536 3048 praesentium
1552 2994 1765 3035 dumtaxat
1783 2994 2105 3049 consequendum
2120 3026 2134 3047 ‚
2158 3000 2298 3039 harum

1290 3054 1389 3095 serie
1417 3051 1668 3094 absolventes
1684 3081 1700 3101 ‚
1727 3053 1766 3092 &
1789 3052 2011 3094 absolutum
2027 3053 2112 3096 fore
2129 3054 2297 3097 censen-

1287 3111 1415 3152 sentes
1441 3136 1456 3158 2
1492 3109 1840 3163 supplicationibus
1866 3109 1952 3163 ejus
1979 3113 2139 3154 nomine
2170 3114 2296 3156 Nobis

1285 3168 1399 3222 super
1423 3169 1496 3208 hoc
1518 3166 1725 3208 humiliter
1749 3171 1946 3219 porrectis
1976 3169 2185 3222 inclinati,
2213 3174 2294 3214 De-

1285 3237 1398 3268 creta
1425 3225 1647 3280 praeinserta
1674 3226 1927 3266 annositate
1952 3227 2208 3281 Apostolica‚
2235 3240 2295 3275 te—

1286 3297 1385 3326 nore
1400 3283 1928 3337 praesentiun1‚approbamus
1944 3285 1983 3325 &
1995 3285 2292 3340 confirmamus,

1285 3340 1441 3396 illisque
1452 3340 1693 3382 inviolab=lis
1708 3339 1938 3395 Apostolicae
1951 3340 2148 3386 firmitatis
2166 3348 2289 3388 robur

1287 3399 1523 3453 adjicimuS‚
1548 3397 1653 3440 salva
1681 3409 1813 3439 tamen
1842 3399 1996 3455 semper
2024 3403 2062 3444 in
2088 3403 2289 3458 praemissis

1287 3459 1523 3513 austoritate
1546 3466 1776 3497 memoratae
1790 3459 2126 3514 Congregationis
2142 3462 2290 3503 Cardi—

1282 3515 1451 3557 nalium:
1479 3514 1743 3560 decernentes
1772 3513 1931 3557 easdem
1947 3518 2154 3571 praesentes
2175 3520 2289 3561 litte-

1280 3586 1343 3615 ras
1371 3571 1500 3615 firmas
1516 3599 1530 3621 ‚
1558 3571 1732 3622 validm,
1756 3573 1798 3614 δι
1820 3572 2003 3618 efficaces
2027 3578 2221 3623 existere,
2249 3580 2288 3618 δι

1279 3633 1395 3681 fore,
1423 3629 1584 3684 suosque
1613 3629 1840 3684 plenarios,
1870 3634 1909 3673 δι
1934 3632 2109 3688 integros
2128 3635 2286 3677 effectus

1277 3689 1460 3732 sortiri&
1474 3690 1659 3731 obtinere
1671 3714 1686 3738 ‚
1700 3703 1745 3730 ac
1757 3689 1838 3731 illis
1850 3717 1865 3741 ‚
1876 3688 1930 3732 ad
1943 3706 2040 3746 quos
2052 3693 2194 3748 spectat
2207 3718 2221 3739 a
2248 3695 2285 3734 &

1278 3761 1352 3802 pro
1382 3757 1566 3800 tempore
1602 3744 1788 3800 spefiabit
1814 3777 1830 3798 ,
1867 3749 1904 3789 in
1930 3752 2110 3792 omnibus
2141 3752 2180 3790 &
2211 3764 2284 3803 per

1276 3806 1408 3849 omnia
1419 3804 1643 3862 plenissime
1657 3804 1859 3862 suffragari
1870 3819 1886 3858 3
1909 3808 2052 3862 Sicque
2066 3809 2102 3850 in
2117 3810 2283 3906 praesmis-

2199 3878 2228 3905 rs
