2618 4108
313 358 316 365 .
367 240 550 322 274

537 323 719 376 Eodem
753 322 1056 395 Argumenta
1071 362 1085 378 .

284 420 326 495 ιΔ
346 459 463 504 tergo
475 460 490 491 ι
511 443 732 491 Venerabili
747 447 891 491 Fratri
904 473 919 498 ‚
934 445 1089 502 &oanni
1106 443 1337 510 Gadefi‘id&

289 536 292 538 “
565 503 752 561 Episcopo
780 505 1072 562 Herbaolenst.

324 625 842 680 Gnfioonws
895 628 1113 679 PAPA
1162 632 1296 683 xv.
1342 693 1344 697 Α

296 722 533 790 Venerabilis
558 746 712 789 Frater
732 743 916 799 salutem
941 773 955 797 ‚
993 746 1048 797 ὠ·
1071 747 1331 804 Apostolicam
1357 759 1359 761 '

641 803 951 849 Bcnrdlblionrm
963 833 976 846 .

365 923 477 965 Cuto
491 920 765 967 circumdedit
786 924 847 967 'se
864 926 1016 967 veritas
1033 924 1217 979 Domini,
1231 927 1330 974 dum

382 981 610 1026 rationibus
629 983 720 1028 aliis
735 983 996 1039 posthabitis,
1029 985 1108 1027 Dei
1132 989 1329 1031 causam...

279 1051 395 1084 tanta
410 1040 592 1097 relipiofi
611 1043 734 1085 animi
752 1041 810 1086 sui
825 1043 1049 1086 constantia
1078 1045 1118 1086 in
1134 1046 1326 1092 diuturna

274 1101 348 1144 ista
364 1101 715 1145 Germanicorum
741 1101 946 1146 bellorum
967 1103 1210 1158 tempestate
1228 1121 1326 1162 pro-

275 1161 477 1217 pugnavit
494 1161 750 1204 Fraternitas
767 1162 855 1205 Tua
870 1190 883 1203 .
908 1162 1100 1206 Eundem
1131 1162 1325 1210 stientia-

275 1233 371 1262 rum
390 1219 610 1262 Dominum
632 1247 646 1271 ‚
670 1221 737 1276 qui
765 1220 976 1264 hominum
1004 1222 1155 1270 corda,
1183 1225 1224 1266 δι
1250 1241 1323 1269 co—

273 1278 408 1334 gitata
423 1277 567 1331 dirigit
580 1304 594 1325 ,
621 1278 659 1321 in
675 1279 843 1322 conmio
865 1280 1106 1325 adfuturum
1125 1282 1219 1326 Tibi
1232 1283 1322 1340 spe-

271 1350 413 1380 ramus
438 1337 477 1378 iu
490 1339 711 1380 Conventa
732 1338 1016 1382 Ratisbonenfi
1032 1366 1043 1378 ·
1069 1340 1134 1382 lbi
1148 1355 1226 1397 pro
1241 1346 1322 1387 Re-

274 1395 440 1451 ligionis
463 1394 663 1449 dignitate
691 1397 870 1440 militare
895 1426 910 1450 ‚
950 1399 1127 1443 Romani
1153 1403 1320 1458 Imperii

275 1452 541 1499 securitatem
570 1457 758 1507 munire,
788 1458 829 1499 δι
856 1457 1080 1514 impietatis
1108 1459 1320 1506 audaciam

271 1514 588 1571 peropportunis
621 1513 823 1571 suppliciis
854 1531 1054 1562 coercere
1086 1521 1276 1574 poteritis
1303 1549 1317 1573 ,

274 1573 477 1617 Germani
502 1573 713 1629 Principes
736 1602 751 1625 ‚
782 1574 880 1618 dum
896 1577 1028 1620 Vestri
1058 1577 1207 1621 fimiles
1235 1578 1315 1623 effe

274 1632 415 1676 velitis
431 1659 446 1683 ,
470 1633 511 1676 &
537 1633 836 1677 immortalibus
851 1635 1059 1678 beneficiis
1076 1637 1212 1681 vestrae
1233 1639 1316 1684 vir·

274 1692 386 1742 tuti,
414 1705 496 1735 non
512 1693 779 1735 Germaniam
803 1694 927 1737 modo
943 1724 958 1747 ‚
989 1694 1056 1739 sed
1080 1696 1313 1741 universam

269 1750 536 1795 Catholicam
551 1750 774 1794 Eccleliam
785 1753 971 1808 obligare
985 1755 1176 1809 cupiatis.
1188 1758 1315 1801 Nobis

268 1810 438 1866 quidem
461 1820 600 1854 tantas
633 1811 845 1867 negotium
872 1811 911 1855 id
928 1812 1096 1858 conficit
1119 1813 1314 1861 sollicitu-

269 1870 391 1915 dines
409 1897 422 1919 ,
448 1879 493 1911 ut
519 1867 678 1913 affiduis
705 1871 893 1925 precibus
914 1886 1002 1921 ‚ac
1031 1871 1313 1931 frequentibus

269 1929 496 1982 lachrymis
513 1927 641 1973 Vobis
666 1928 851 1985 spiritum
868 1931 1023 1974 confilii
1038 1959 1053 1983 ,
1084 1947 1132 1975 ac
1148 1935 1311 1989 pietatis

267 1987 440 2030 coelitus
460 1987 627 2031 ,demitti
652 1997 901 2043 precemur,⁴
927 2000 1013 2032 tum
1026 2001 1166 2036 autem
1184 1994 1309 2038 Mini-

266 2046 369 2093 stroa
393 2046 548 2089 nostros
564 2045 661 2089 istuc
673 2047 939 2103 ablegamus,
964 2048 1030 2104 qui
1045 2060 1219 2105 paterne
1234 2066 1307 2094 no·

269 2106 352 2148 ἣτε
377 2103 590 2149 charitatis
614 2098 723 2147 sensa
737 2108 967 2150 Germaniae
982 2109 1205 2163 explicent.
1223 2113 1306 2155 Has

264 2174 407 2211 autem
432 2163 594 2207 litteras
619 2164 881 2210 Fraternitati
901 2167 997 2208 Tuae
1024 2168 1178 2212 reddet
1204 2169 1308 2215 dile.

264 2226 352 2267 stus
382 2221 506 2275 Filius
530 2249 545 2274 ‚
579 2224 727 2268 Frater
754 2224 1012 2279 Hyacinthus
1040 2227 1265 2271 casalensis
1290 2254 1306 2278 ,

265 2281 498 2337 Caput-inus
513 2307 535 2331 s
553 2282 629 2325 Vir
655 2284 718 2327 sua
748 2283 904 2327 virtute
929 2285 1122 2328 Romanis
1140 2285 1305 2329 Pontifi-

266 2342 382 2386 cibus
402 2369 420 2392 ,
452 2338 686 2396 :uallisque
726 2339 815 2384 sere
843 2345 1019 2398 Europa:
1045 2344 1303 2401 Principibus

264 2398 606 2445 commendatus.
639 2400 690 2443 Ei
717 2412 857 2444 autem
886 2403 1147 2458 negotiorum
1167 2405 1303 2462 hujus-

262 2459 374 2504 modi
389 2458 526 2515 perito
538 2487 552 2510 ‚
566 2472 644 2503 non
660 2457 792 2509 secus,
807 2476 854 2505 ac
869 2462 998 2504 Nobis
1015 2461 1275 2518 loquentibus
1286 2494 1302 2517 ‚

261 2518 468 2571 eredere,
492 2528 618 2575 atque
629 2520 904 2570 authoritate,
931 2520 1008 2576 qui
1029 2522 1162 2577 pollet
1180 2551 1194 2574 ,
1224 2523 1300 2566 sufi-

1175 207 1622 327 Custodia

1394 329 1632 388 Princip‘um
1661 331 1953 388 Divorumque
1986 336 2176 391 neglec'tu
2210 337 2438 394 potentiam

1392 389 1504 436 suam
1530 392 1741 441 ostentet,
1765 393 2060 437 sceleratorum
2089 398 2317 442 temeritati
2347 398 2442 441 refi-

1398 449 1586 493 stendum
1604 451 1660 495 est
1676 453 1799 496 armis
1815 480 1830 503 ‚
1851 463 1975 510 atque
1992 454 2177 497 decretis
2191 485 2203 498 .
2231 458 2438 501 Hactenus

1308 513 1315 520 '
1397 509 1689 557 hereticorum
1721 511 2004 568 perduellium
2035 514 2243 558 audaciam
2270 518 2439 559 victori-

1395 568 1470 611 bus
1487 570 1804 614 catholicorum
1818 571 2004 615 Militum
2033 573 2183 628 gladiis
2202 575 2239 617 in
2259 578 2438 620 Germa-

1395 628 1495 670 nicis
1511 626 1662 671 Castris
1686 630 1877 675 contudit
1897 631 2264 687 Dominus‚potens
2278 635 2318 676 in
2335 649 2437 691 prae.

1392 684 1476 730 lio.
1511 690 1634 731 Nunc
1660 689 1704 732 >id
1730 691 1933 747 reliquum
1949 691 2033 740 est,
2060 702 2105 734 ut
2127 694 2434 740 emundent,

1390 745 1614 802 aliquando
1635 745 1805 793 fortibus
1821 749 2258 800 sententiisssathblici
2274 754 2435 796 Princi-

1388 806 1719 860 pesfipprimatis
1737 808 1776 851 in
1797 813 2016 852 Conventu
2036 811 2324 855 Ratisbonenfi
2346 842 2359 865 ,
2384 827 2432 857 ac

1392 863 1653 920 proditorum
1678 866 1823 910 faciem
1847 868 2067 922 implentes
2085 869 2331 925 ignominia,
2359 886 2430 915 eo-

1392 937 1481 967 rum
1507 924 1804 980 turpitudinem
1828 926 1934 969 Orbi
1958 937 2188 982 terrarum,
2220 931 2260 972 δι
2285 930 2430 975 conse-

1384 983 1611 1037 quentibus
1633 984 1819 1028 aetatibus
1842 984 2073 1040 detegatis.
2104 988 2310 1045 Intelligit
2328 992 2430 1033 Fra-

1390 1042 1563 1086 ternitas
1580 1045 1666 1087 Tua
1680 1072 1695 1095 ,
1715 1043 1858 1100 quanti
1885 1045 2114 1100 Religionis
2136 1046 2322 1096 intersit,
2349 1050 2429 1092 ali-

1386 1100 1485 1156 quid
1501 1102 1542 1144 iu
1558 1101 1629 1146 isto
1646 1103 1874 1147 Procerum
1890 1102 2084 1149 Concilio
2096 1103 2299 1158 decerni,
2312 1108 2424 1163 quod

1384 1170 1580 1204 aeternum
1599 1162 1766 1217 pietatis
1783 1191 1799 1215 ,
1824 1176 1870 1206 ac
1897 1162 2152 1208 fortitudinis
2166 1167 2426 1210 Germanica:

1381 1218 1675 1265 documentum
1691 1220 1764 1264 lit.
1798 1225 1887 1271 Nos
1912 1233 2049 1266 autem
2064 1251 2079 1274 ‚
2102 1233 2202 1278 quos
2226 1223 2426 1270 illarum..-

1383 1279 1695 1324 Provinciarum
1710 1281 2047 1337 perturbationes
2059 1283 2190 1334 curis,
2205 1296 2252 1326 ac
2270 1285 2424 1329 dolore

1382 1337 1518 1380 ferme
1540 1337 1760 1383 conficiunt
1776 1369 1790 1394 ‚
1814 1340 1892 1396 piis
1915 1339 2279 1396 supplicationibus
2297 1343 2424 1387 ultio.

1382 1410 1479 1440 num
1498 1398 1631 1441 Deum
1647 1398 1795 1451 affidue
1811 1413 2026 1454 precamur
2038 1427 2052 1449 ‚
2068 1411 2111 1443 ut
2127 1400 2167 1442 in
2185 1402 2324 1445 vestris
2342 1402 2423 1446 suf-

1382 1454 1522 1511 fragiis
1535 1485 1551 1506 ,
1566 1457 1721 1502 munita
1738 1457 1840 1502 lucis
1863 1460 2011 1507 armis,
2036 1461 2077 1500 ὃς
2102 1460 2424 1515 periculorum-a

1378 1515 1657 1572 contemptrix
1677 1516 1812 1561 Pietas
1827 1518 2051 1572 triumphet
2063 1518 2336 1575 .Ablegamus
2351 1535 2420 1565 au-

1376 1582 1463 1616 tem
1482 1573 1578 1619 istuc
1593 1575 1799 1620 Ministros
1814 1575 1967 1620 nostros
1981 1603 1996 1626 ,
2022 1577 2089 1632 qui
2106 1581 2419 1634 paternamsol·

1374 1632 1638 1678 licitudinem
1655 1635 1828 1679 nostram
1842 1637 2063 1679 Germania
2080 1637 2247 1692 Populis
2264 1637 2420 1683 testen-

1380 1693 1474 1740 tur}
1494 1703 1620 1750 atque
1634 1693 1684 1738 ad
1702 1695 1780 1738 Dei
1799 1694 1955 1738 causam
1975 1695 2171 1738 tuendam
2188 1697 2343 1742 animos
2361 1699 2421 1742 in-

1379 1752 1590 1797 flamment
1602 1783 1614 1796 .
1647 1755 1764 1798 luter
1780 1755 1852 1796 hos
1869 1754 1950 1796 erit
1966 1752 2040 1796 Vir
2055 1754 2245 1809 singulari
2262 1758 2418 1813 ingenii

1379 1811 1568 1856 acumine
1581 1839 1596 1863 ‚
1623 1826 1670 1857 ac
1686 1814 1887 1868 praecipuo
1904 1811 1999 1857 fidei
2013 1813 2271 1868 proferenda
2285 1817 2418 1862 studio
2477 1867 2484 1872 ,

1375 1870 1644 1923 celebratus,
1671 1872 1857 1917 Dilectus
1880 1872 2004 1916 Filius
2020 1900 2034 1923 ,
2062 1874 2128 1916 Fr.
2149 1875 2415 1928 Hyacinthus

1373 1929 1621 1984 casalensis,
1647 1931 1883 1986 Capucinus
1901 1957 1916 1979 ‚
1939 1931 2009 1986 qui
2037 1931 2129 1974 Tibi
2159 1933 2230 1975 bas
2250 1934 2414 1980 litteras

1372 1986 1526 2032 reddet
1543 2015 1557 2030 .
1588 1988 1660 2033 Ab
1678 2002 1731 2033 eo
1752 1990 1957 2045 accipies,
1983 2003 2105 2045 quam
2123 1991 2167 2032 in
2182 1993 2263 2036 tuis
2282 1994 2414 2037 conli-

1370 2044 1435 2090 liis
1462 2075 1476 2098 ‚
1516 2057 1638 2102 atque
1671 2044 1884 2091 sententiis
1913 2048 2024 2103 spem
2049 2048 2409 2097 constituerimus.

1369 2105 1432 2150 Da
1452 2105 1574 2161 igitur
1588 2119 1756 2161 operam
1774 2135 1788 2157 ‚
1818 2107 2269 2160 Venerabilis-Frater,
2299 2123 2407 2158 ne„

1366 2172 1451 2207 tam
1466 2164 1655 2220 praeclara
1671 2164 1726 2209 de
1739 2167 1819 2208 tuis
1838 2165 2059 2209 virtutibus
2074 2170 2305 2221 expectatio
2320 2174 2406 2214 Nos

1365 2221 1573 2279 decepisse
1603 2223 1824 2280 aliquando
1854 2227 2048 2268 dicatur.
2080 2225 2148 2268 mi
2167 2222 2321 2271 ‘autem
2343 2229 2408 2274 to-

1365 2282 1539 2336 quenti,
1565 2282 1766 2338 perinde,
1794 2298 1842 2327 ac
1869 2284 2000 2336 Nobis
2029 2285 2180 2329 credet
2197 2287 2406 2333 Fraterui-

1366 2351 1423 2382 tas
1454 2343 1540 2389 Tua
1566 2369 1582 2392 ,
1627 2343 1693 2386 cui
1721 2343 1999 2398 Apostolicam
2032 2344 2406 2394 benedictionem-a

1363 2410 1629 2456 peramanter
1653 2402 1934 2459 impartimur.
2163 2453 2167 2455 ,

1424 2462 1576 2502 Datum
1593 2462 1733 2504 Romae
1746 2462 1852 2518 apud
1866 2467 1906 2507 S.
1923 2461 2317 2521 MariamMajore-tn
2331 2464 2401 2511 sub

1364 2519 1528 2561 Annulo
1544 2520 1761 2563 Piscatoris
1776 2521 1844 2564 die
1859 2536 1897 2564 x.
1914 2521 2167 2576 Septembris
2185 2526 2399 2568 M'ocxxtt.

261 2577 414 2635 fragat-i
440 2577 596 2632 poterit
620 2579 872 2623 Fraternitas
893 2581 982 2622 Tua
999 2607 1014 2632 ‚
1035 2583 1101 2624 eui
1125 2584 1298 2636 Aposto-
1359 2576 1629 2624 Pontificatus
1644 2581 1767 2624 nostri
1782 2583 1905 2642 Anno
1919 2579 2096 2626 secundo
2111 2609 2123 2622 .

228 2696 230 2699 Ι
261 2638 382 2682 licam
396 2634 732 2682 sementationem
744 2647 1003 2694 peramanter
1026 2640 1295 2697 impartimur,

323 2700 478 2747 Datum
492 2704 540 2740 att
548 2695 706 2760 [ipra.

317 2817 381 2860 En
409 2812 540 2862 Δηὼ
552 2813 682 2869 pred.
705 2814 827 2872 Epist.
847 2815 940 2869 164.
963 2815 1048 2875 sol.
1068 2831 1166 2878 ¹09·

824 2955 938 2972 -ι--υ-ι-

262 2954 497 2976 m

519 3051 700 3103 Eodem
737 3055 1015 3124 argumento
1028 3091 1055 3127 ‚V

260 3171 301 3211 *A
326 3180 446 3227 tergo
459 3201 471 3214 .
510 3170 729 3215 Venerabili
756 3174 929 3227 Fratri,
957 3151 1121 3226 Paridi,
1152 3180 1295 3223 Archi-

524 3232 695 3289 epistopo
720 3234 1013 3292 salisburgensi

268 3349 865 3410 GREGORIUS
921 3357 1141 3407 PAPA
1178 3362 1294 3411 XV.

332 3465 564 3509 Venerabilis
575 3469 901 3530 Frater-salutem
917 3474 966 3523 δ’
978 3474 1235 3533 Apostolicam

611 3531 917 3574 Benedift‘ionem
929 3561 941 3574 .

423 3638 522 3683 Ulta
555 3642 720 3695 quidem
751 3647 913 3703 flagella
945 3651 1292 3707 peccatoris‚fi1nt

1428 2700 1485 2742 Ex
1501 2696 1873 2755 Arcbt'vopraedilla
1886 2700 1973 2752 (φτ.
1984 2697 2192 2759 epist-165.
2201 2702 2286 2760 fol.
2306 2714 2401 2768 107.

1396 2935 1576 2989 Eodem
1607 2954 1882 3007 argumento
1896 2975 1914 3002 s
1947 2937 1997 2993 dt
2011 2940 2101 2990 alio
2117 2940 2357 3008 Exemplo·

1793 3067 1928 3111 Eidem
1943 3096 1956 3109 .

1362 3175 1968 3232 GREGORIUS
2018 3177 2229 3227 PAPA
2282 3181 2392 3229 XV.

1482 3298 1569 3341 Ven-
1586 3297 1736 3339 Frater
1748 3294 1926 3353 fidetem
1948 3295 2002 3346 &¹
2018 3294 2276 3353 Apostolicam

1707 3355 2013 3399 Benediffioncm
2025 3384 2036 3396 .

1471 3473 1621 3517 Onlilia
1636 3475 1919 3518 Frater-nitatis
1931 3472 2174 3521 Tua-,Coelo
2188 3471 2387 3526 letitiam,

1494 3536 1682 3576 Romano
1706 3535 1888 3589 Imperio
1912 3533 2036 3575 decus
2051 3561 2065 3583 ,
2094 3533 2134 3574 dt
2153 3533 2388 3576 Catholicae

1351 3472 1559 3647 ggioni
1576 3593 1836 3635 securitatem
1851 3591 2007 3634 addere
2023 3589 2176 3646 poffunt
2206 3590 2246 3633 in
2269 3595 2384 3635 Con-

1355 3662 1480 3694 ventu
1498 3651 1803 3704 Ratiabonenfi5
1822 3651 1937 3693 unius
1952 3651 2060 3692 enim
2074 3650 2153 3692 diei
2169 3650 2385 3710 decretum

437 3697 576 3739 odium
597 3704 755 3755 generis
782 3708 939 3750 humani
956 3737 971 3759 ,
997 3712 1145 3753 conscii
1171 3713 1290 3755 animi
1353 3709 1689 3767 consequentium
1703 3709 1934 3752 saeculorum
1950 3719 2106 3762 aetateS,
2125 3708 2383 3764 omnesque.-

261 3758 472 3812 suppll'cias
486 3759 733 3816 comitesque
752 3763 948 3807 scelerum
970 3766 1079 3812 furiae
1091 3799 1103 3811 .
1119 3772 1294 3823 Verum,
1352 3770 1548 3826 Principis
1564 3769 1845 3824 Apostolorum
1861 3779 2064 3814 tementes
2080 3769 2316 3813 Provincias
2335 3770 2383 3812 li-

263 3816 330 3858 Ubi
365 3816 619 3873 impietatem
652 3823 756 3863 vires
788 3827 1036 3870 armaverint
1062 3857 1076 3882 ,
1118 3843 1213 3873 cum
1241 3845 1290 3874 ex
1349 3829 1499 3873 berare
1513 3829 1644 3885 potest
1658 3827 1708 3873 aa
1723 3827 1968 3877 formidine,
1995 3826 2073 3884 quei
2085 3827 2239 3872 Orbem
2257 3829 2383 3871 Chri·

2233 3887 2322 3931 ssia-
