2618 4108
320 242 483 371 tenore3
490 324 739 384 praesentium
771 322 1036 379 approbamus
1061 322 1100 363 &
1125 320 1333 364 confirma·

320 401 409 429 mus
427 414 442 437 ,
467 388 608 441 illique
624 382 871 426 inviolabilis
885 379 1122 436 Apostolicae
1136 377 1337 423 firmitatis

316 448 440 488 robur
456 443 692 499 adjicimus,
714 439 822 483 salvii
846 449 981 481 tamen
1005 437 1161 492 semper
1184 437 1224 483 in
1242 450 1340 493 prae-

318 503 432 546 miffis
461 500 703 544 austeritate
736 507 963 540 memoratae
997 496 1336 552 Congregationis

317 560 592 603 cardinalium
608 583 621 598 .
648 560 928 600 Decernentes
949 554 1107 599 easdem
1120 553 1334 610 praesentes

314 619 468 661 litteras
493 619 646 671 semper
674 614 803 658 firmas
828 643 844 667 ,
867 614 1023 658 validas
1049 643 1064 666 ,
1088 615 1129 655 &
1155 612 1336 656 efficaces

315 676 487 719 existere
505 701 520 724 a
539 676 578 716 &
606 672 694 718 fore
709 700 723 723 2
746 673 908 732 suosque
923 674 1122 730 plenarios
1137 700 1150 724 ‚
1176 673 1216 713 &
1231 673 1336 714 inte-

313 748 406 791 gros
434 732 591 775 effeetus
607 733 765 784 sortiri,
790 733 1030 776 &obtinere
1045 759 1060 781 ,
1088 745 1134 774 ac
1149 730 1227 773 illis
1243 756 1258 779 a
1282 729 1335 775 ad

313 806 411 849 quos
428 791 570 847 spectat
585 819 601 842 .,
623 793 663 833 &
674 805 747 848 pro
760 802 944 848 tempore
958 788 1176 846 spectabit,
1195 789 1232 830 in
1248 802 1336 830 om·-

312 852 426 894 nibus
440 877 455 901 ‚
478 851 517 891 &
533 864 604 906 per
618 851 750 892 omnia
767 848 986 906 plenissime
1011 847 1209 903 suffragari
1225 863 1238 893 i
1268 845 1335 887 fic·-

314 910 444 965 quein
466 908 664 964 pramiffis
680 923 751 964 per
764 908 1020 965 quoscunque
1037 905 1189 962 judices
1204 904 1333 947 Ordi-

313 968 447 1011 narios
464 996 478 1019 ‚
502 969 541 1009 &
556 967 798 1023 delegatos,
829 969 953 1010 etiam
978 963 1181 1009 causarum
1211 963 1328 1006 Pala-

313 1028 361 1069 tii
392 1026 610 1081 Apostolici
638 1026 855 1068 Auditores
881 1024 1051 1079 judicari
1074 1051 1088 1075 ,
1109 1024 1148 1064 &
1172 1020 1331 1066 definiri

312 1086 498 1137 debere;
524 1098 568 1128 ac
589 1084 750 1127 irritum
766 1113 780 1137 ,
808 1086 846 1127 &
871 1085 1018 1135 inane,
1039 1081 1065 1125 fi
1082 1083 1193 1126 secus
1215 1079 1331 1139 supet·

1093 1209 1312 1276 ΝΟ

1136 204 1681 292 Provincia

1399 320 1460 363 his
1480 321 1500 360 ὲ
1515 329 1719 376 quoquam
1733 316 1874 373 quavis
1887 316 2128 362 austeritate
2143 315 2332 369 scienter,
2346 316 2416 362 vel

1397 378 1629 434 ignoranter
1654 375 1876 432 contigerit
1889 376 2086 418 attentari
2101 404 2113 417 .
2142 378 2234 418 Non
2258 376 2417 420 obstan·

1398 438 1504 479 tibus
1518 432 1882 481 Constitutionibus
1906 434 1946 478 &
1960 432 2289 478 ordinationibus
2304 437 2340 479 A
2345 449 2417 492 po-

1396 493 1545 536 stolicis
1559 522 1574 545 ‚
1598 492 1830 550 caeterisque
1849 492 2064 535 contrariis
2082 492 2418 550 quibuscumque.

1455 555 1608 594 Datum
1626 554 1764 594 Romae
1788 552 1892 607 apud
1916 554 1956 594 S.
1978 552 2144 594 Petrum
2168 549 2237 592 sub
2251 552 2417 595 Annulo

1395 610 1607 655 Piscatoris
1631 611 1698 652 die
1723 623 1817 653 xvi.
1846 610 2026 670 Januarii
2043 621 2288 653 mnczxxtx.
2311 612 2415 657 Pon-

1396 667 1574 713 tificatus
1599 669 1736 714 Nostri
1765 671 1883 713 Anno
1908 669 2060 712 tertio.

2004 788 2041 829 1.
2055 788 2109 828 G.
2125 784 2305 829 Slufiusi

1453 903 1628 960 Exempl.
1649 901 1836 948 Autbent.
1862 901 1905 943 in
1922 901 2090 945 Archi-vo
2104 902 2289 947 Generali
2301 903 2418 948 ordi-

1505 963 1565 1006 nis
1596 961 1785 1006 Armi-io
1810 961 2024 1006 Provincia
2039 961 2268 1007 Turritana.

1403 1210 1648 1277 TA.

319 1353 410 1439 D
430 1355 523 1391 Utus
551 1353 644 1390 visus
663 1353 710 1389 est
738 1353 912 1389 fratribus
937 1351 1060 1389 nolitis
1083 1350 1185 1398 hujus
1203 1348 1492 1396 constitutionis,
1518 1351 1553 1387 8(
1573 1351 1752 1399 approbati
1774 1363 1837 1400 per
1855 1362 1931 1389 eam
1957 1353 2099 1391 Decreti
2119 1353 2239 1392 Sermo
2262 1354 2277 1397 ,'
2299 1363 2416 1391 cum.»

464 1412 510 1437 ex
528 1401 701 1449 hypothefi
731 1411 787 1436 aut
803 1400 1046 1444 fundamento,
1070 1400 1164 1447 quod
1200 1397 1298 1435 fimus
1324 1395 1461 1436 Filiales
1482 1409 1523 1436 ex
1545 1399 1662 1436 eadem
1675 1399 1855 1449 Religione
1867 1399 2136 1450 observantium
2150 1425 2164 1446 ‚
2183 1401 2279 1440 feriat
2304 1409 2417 1437 totum

316 1451 515 1487 Ordinem:
545 1448 830 1484 universalitatem
854 1451 943 1486 enim
958 1449 1144 1485 neceffario
1165 1448 1322 1484 involvit
1346 1449 1504 1495 praetensa
1519 1447 1656 1485 filiatio
1669 1475 1680 1491 ‚
1706 1450 1740 1486 &
1761 1448 1969 1486 consefflario
1982 1451 2185 1487 universalis
2202 1461 2345 1496 quoque
2364 1448 2418 1485 in·

316 1500 382 1535 fert
416 1497 667 1542 consequentiae
689 1497 947 1544 praejudicium,
975 1497 1104 1544 nosque
1131 1497 1241 1543 privat
1258 1498 1499 1543 praecedentia‚
1526 1496 1718 1543 ubicunque
1746 1498 1813 1535 1³1².
1838 1497 2067 1535 observantes
2087 1499 2123 1534 in
2152 1499 2270 1535 nostre
2293 1495 2420 1534 habita·

319 1545 423 1582 tionis
449 1555 507 1582 aut
521 1546 768 1581 Conventuum
784 1546 866 1582 locis
880 1546 1070 1583 coexistunt
1084 1569 1094 1581 .
1123 1545 1205 1581 lnde
1223 1544 1393 1582 Fratribus
1407 1569 1421 1591 ‚
1446 1547 1501 1581 vel
1515 1545 1545 1581 se
1558 1556 1625 1582 uon
1643 1545 1844 1584 sufficienter
1855 1546 1990 1582 auditos
2002 1569 2015 1589 ‚
2044 1549 2101 1583 vel
2113 1548 2252 1584 Sacrum
2271 1544 2420 1581 Confes-

318 1595 390 1630 sum
405 1606 476 1630 non
500 1591 700 1630 sufficienter
718 1593 915 1631 instructum
931 1593 1163 1639 allegantibus
1181 1592 1320 1636 ,iterum
1340 1606 1399 1641 per
1413 1594 1526 1631 Emin.
1539 1606 1577 1629 ac
1593 1593 1685 1632 Rev.
1695 1594 1887 1634 Dominum
1900 1593 2123 1631 Cardinalem
2134 1595 2310 1631 Sabellum
2321 1593 2417 1629 Cau·

319 1643 352 1679 sa
367 1641 431 1677 fuit
447 1642 622 1690 proposita
637 1666 645 1674 .
677 1643 723 1677 At
740 1667 753 1686 ‚
778 1655 854 1678 cum
877 1654 1012 1679 torrens
1033 1643 1191 1688 repagula
1210 1642 1279 1689 jam
1304 1642 1439 1689 rupifl'et
1452 1667 1466 1686 ,
1489 1642 1624 1679 cursum
1640 1655 1737 1692 aquae
1751 1642 1893 1681 turbidae
1905 1653 2004 1679 nemo
2021 1641 2168 1691 amplius
2183 1640 2343 1690 impedire
2354 1652 2420 1689 po-

312 1691 422 1735 tuit,
449 1690 526 1727 hinc
550 1690 583 1725 8(
616 1691 732 1727 denuo
757 1701 874 1727 contra
888 1691 970 1727 Nos
985 1714 998 1734 ,
1022 1701 1060 1725 ut
1078 1690 1251 1735 sequitur,
1272 1689 1335 1726 suit
1349 1690 1520 1728 decisum:

426 1739 539 1776 sacra
558 1736 707 1775 Rituum
732 1739 959 1787 Congregario
972 1762 986 1782 ‚
1008 1737 1132 1774 audita
1152 1747 1300 1786 utraque
1315 1748 1416 1787 parte
1441 1740 1479 1775 in
1493 1751 1594 1783 voce,
1619 1739 1663 1782 &³
1688 1739 1727 1776 in
1742 1738 1884 1789 seriptis
1904 1736 2002 1788 plen?
2026 1737 2234 1786 Informante
2246 1762 2260 1783 ,
2279 1735 2419 1787 vifisqne

322 1787 463 1837 juribus
489 1787 567 1822 hinc
595 1787 674 1821 inde
696 1786 844 1822 dedufflis
857 1810 870 1829 ‚
896 1786 1029 1834 illisque
1052 1785 1185 1821 matur&
1201 1786 1343 1835 discuffis
1364 1787 1495 1836 censuit
1504 1788 1664 1837 standum
1691 1786 1751 1840 effe
1775 1789 1814 1825 in
1837 1788 1948 1838 decifis
1964 1787 2032 1836 sub
2054 1787 2110 1824 die
2125 1789 2182 1824 26.
2195 1785 2294 1825 Nov.
2314 1787 2417 1833 1678.

329 1844 442 1885 nempe
464 1834 723 1886 precedentium
736 1835 852 1872 deberi
864 1833 1046 1872 fratria-is
1061 1834 1260 1874 Minoribus
1275 1836 1550 1885 observantibus
1566 1859 1580 1882 ,
1602 1837 1645 1879 ὠ·
1665 1838 1717 1875 ita
1740 1836 1896 1876 decrevit
1909 1837 1966 1876 dit
1981 1849 2037 1885 ²4-
2048 1835 2233 1877 Februarii
2251 1833 2355 1873 1680.

968 1942 1102 2011 Caesbr
1131 1943 1370 1997 Cardinalis
1405 1930 1710 1998 Fachenettus.

539 2102 561 2119 a}

1404 2067 1668 2111 Bernardinut
1703 2066 1878 2126 castalius
1903 2071 2047 2114 secret.

417 2186 577 2225 Veneror
589 2189 627 2224 ea
642 2212 654 2229 ‚
677 2189 742 2236 qua
763 2189 859 2226 decet
874 2215 887 2234 ‚
917 2191 1106 2228 reverentia
1132 2194 1168 2230 S·
1180 2189 1469 2238 congregationis
1481 2191 1672 2230 Oraculum
1684 2215 1699 2236 ‚
1723 2203 1800 2228 cum
1815 2203 1929 2229 tamen
1941 2191 1978 2228 in
1993 2189 2103 2228 Curia
2117 2188 2278 2226 Romana
2291 2183 2413 2234 sepiu-

327 2237 474 2272 Decrera
497 2238 543 2272 ob
568 2237 715 2274 rationes
741 2238 890 2274 Par-tium
905 2242 962 2276 vel
975 2241 1083 2277 minus
1097 2241 1203 2278 solide
1216 2264 1229 2284 ,
1254 2242 1310 2276 vel
1342 2241 1440 2277 etiam
1461 2241 1637 2288 aequivoce
1675 2239 1849 2288 expositas
1865 2264 1878 2284 ‚
1910 2253 1955 2277 ex
1986 2240 2122 2284 integro
2149 2235 2308 2274 revocari
2334 2246 2408 2272 non

329 2295 398 2319 rara
427 2284 570 2321 doceant
595 2287 776 2333 exempta,
800 2287 1016 2325 necessarium
1039 2289 1123 2326 mihi
1141 2289 1251 2325 visum
1264 2289 1338 2333 est,
1359 2289 1599 2333 fundamenta,
1623 2288 1750 2336 quibus
1775 2288 1970 2336 pradiaum
1986 2290 2169 2326 Decretum
2181 2284 2326 2327 nititur.
2348 2292 2412 2321 aut

325 2333 485 2369 caducum
499 2356 512 2376 ‚
538 2343 596 2369 aut
611 2333 725 2369 saltem
747 2334 870 2372 nonita
883 2336 1016 2373 firmum
1028 2360 1042 2380 ,
1063 2348 1101 2373 ut
1115 2340 1268 2383 regulam
1286 2339 1452 2384 generalis
1462 2337 1707 2386 consequentiae
1722 2337 1832 2374 firmet
1844 2362 1858 2381 ‚
1879 2337 2123 2375 demonstrare.

422 2382 653 2428 supponimur
669 2383 746 2418 Nos
758 2383 930 2429 Capucini
943 2386 977 2421 in
991 2385 1087 2422 dieto
1101 2388 1249 2423 Decreto
1267 2385 1405 2422 Filiales
1426 2397 1467 2423 ex
1482 2387 1596 2423 eadem
1610 2385 1791 2433 Relig1'one
1803 2386 2073 2435 observantium
2086 2409 2097 2420 .
2125 2382 2244 2429 Digna
2263 2390 2414 2419 autem-a

325 2439 488 2465 movetur
512 2432 530 2465 a
543 2431 697 2477 pluribus
711 2432 849 2477 quaestio
858 2456 872 2476 ,
897 2434 930 2469 8<
944 2436 1089 2470 necdum
1115 2434 1180 2470 sine
1193 2434 1464 2472 contradictione
1482 2436 1613 2480 decisa,
1635 2447 1678 2472 an
1692 2436 1773 2472 Nos
1797 2437 1816 2470 ὲ
1833 2435 1902 2473 ΡΡ.
1915 2433 2194 2473 observantibus
2204 2455 2220 2478 ,
2241 2431 2300 2469 vel
2318 2431 2338 2466 ὲ
2350 2432 2415 2473 Pae

321 2476 432 2514 tribus
446 2478 746 2515 Conventualibus
766 2480 955 2518 immediate
968 2483 1233 2520 descendamus?

425 2529 553 2562 Partem
577 2526 642 2562 litis
656 2538 727 2562 non
739 2528 877 2564 introeo
892 2553 906 2573 ‚
929 2530 1090 2568 inhaerens
1102 2542 1214 2567 tamen
1229 2531 1363 2569 Litterae
1375 2533 1678 2571 Constitutionum
1702 2544 1773 2570 tum
1792 2532 1894 2572 Pauli
1909 2533 1958 2569 V.
1978 2531 2082 2580 incip.
2096 2528 2239 2579 Ecclesia
2249 2527 2416 2568 Militan-

318 2573 368 2608 tis
384 2595 397 2615 ‚
423 2575 641 2611 tumUrbani
658 2574 710 2609 Vl
723 2575 767 2610 ΙΙ.
791 2576 902 2622 incip.
916 2577 1114 2615 salvatoris
1137 2579 1332 2620 &Domini
1351 2591 1434 2618 tom.
1453 2583 1584 2618 1.Bull.
1602 2583 1775 2631 sol-57.&
1790 2591 1811 2629 7

1814 2591 1848 2629 7.
1874 2583 2095 2620 videndarum
2109 2605 2124 2624 ,
2147 2579 2307 2616 “aneutris
2330 2576 2414 2613 Noa

321 2621 504 2676 procedere
530 2622 698 2680 praetendo
716 2646 731 2665 ,
750 2633 797 2657 ex
818 2634 861 2658 eo
879 2626 968 2680 enim
981 2648 994 2668 ‚
1022 2628 1116 2673 quod
1143 2628 1179 2663 in
1203 2628 1460 2667 Constitutione
1480 2631 1575 2667 Pauli
1591 2631 1638 2667 V.
1661 2632 1734 2667 veri
1758 2631 1797 2669 S.
1815 2632 1851 2668 P.
1867 2630 2025 2669 francisci
2048 2629 2150 2673 filii,
2169 2627 2204 2662 &
2227 2627 2262 2663 in
2274 2627 2333 2662 illa
2343 2624 2414 2661 Ut-

319 2667 401 2702 bant
423 2669 484 2705 Vll
495 2671 523 2704 1-
545 2671 618 2705 filii
645 2681 690 2705 ex
715 2681 888 2715 nunquam
906 2683 1091 2720 interrupta
1105 2675 1191 2712 linea
1204 2676 1419 2715 nominemur
1434 2681 1467 2716 8(
1481 2679 1579 2716 simus
1594 2703 1607 2724 ‚
1633 2681 1750 2717 Patres
1763 2679 1999 2726 intermedius,
2015 2689 2162 2726 quorum
2176 2674 2311 2713 filiales
2323 2673 2415 2710 dice·

325 2726 402 2750 mur
416 2739 428 2759 ‚
454 2729 522 2773 non
538 2717 699 2753 habemus
713 2741 723 2757 ,
740 2717 773 2752 8(
790 2719 890 2755 Pater
902 2721 1011 2757 noster
1028 2723 1245 2760 immediatus
1267 2725 1300 2760 in
1314 2728 1426 2766 Coelis
1439 2729 1486 2766 est
1512 2729 1549 2767 S·
1566 2727 1763 2765 Franciscus
1774 2751 1787 2773 2
1811 2729 1967 2777 adeoque
1993 2731 2029 2766 in
2054 2728 2171 2764 'mrum
2185 2721 2415 2765 conmuni&

272 2776 276 2779 ·
326 2773 410 2799 num
431 2776 525 2809 apice
547 2767 566 2799 a
587 2767 718 2801 neutris
735 2767 975 2813 procedimus,
1002 2770 1136 2819 ruitque
1151 2772 1352 2818 praecipuum
1369 2778 1510 2814 Decreti
1530 2777 1781 2813 fundamentum
1795 2802 1806 2813 .

341 2860 350 2869 ·
419 2813 643 2870 speculativa
659 2815 799 2870 reflexio
812 2814 879 2872 liaec
899 2816 920 2852 fi
935 2818 1043 2855 minus
1061 2819 1233 2864 arrideat,
1247 2823 1327 2859 Nos
1338 2825 1370 2860 8(
1382 2826 1402 2860 a
1418 2825 1814 2868 PP.Observantibus,&
1830 2826 1848 2861 a
1862 2826 1932 2863 PP.
1942 2824 2250 2863 conventualibus
2261 2819 2413 2859 derivare

325 2860 474 2919 Ῑῑιῖθηῐθῗ,
494 2861 528 2897 8(
542 2873 574 2896 ¹¹¹
589 2862 789 2908 ⁰bsequ¹⁰m
802 2864 900 2918 Φθίη
927 2867 947 2900 ἐι
975 2867 1041 2902 ΡΡ.
1055 2867 1327 2907 Observantibus
1341 2897 1354 2915 ‚
1381 2873 1462 2910 dum
1485 2875 1591 2923 primi
1614 2875 1717 2910 nossri
1733 2876 1851 2911 Patres
1877 2876 1954 2911 zelo
1972 2873 2127 2911 arefiens
2150 2872 2228 2908 vitae
2244 2881 2304 2907 eos
2324 2867 2413 2905 dese·

319 2919 440 2950 ruere,
464 2920 483 2963 a
513 2910 888 2967 PP.Conventualtbus
915 2915 999 2950 vero
1013 2938 1026 2958 ‚
1046 2916 1127 2951 dum
1150 2917 1251 2953 iidem
1277 2922 1383 2957 nostri
1402 2923 1518 2960 Patres
1542 2924 1602 2959 sub
1624 2934 1743 2960 eorum
1757 2922 1955 2960 obedientia
1969 2920 2253 2967 Pontificiojuss‘u
2270 2917 2407 2955 suerunt

316 2957 507 3012 collocati;
534 2958 748 3015 &quidem²
772 2969 810 2994 ut
833 2960 1002 2998 Boverius
1025 2973 1108 3000 tom.
1125 2975 1153 3001 r.
1178 2968 1309 3004 Annal.
1334 2968 1462 3019 sol.94.
1488 2972 1659 3017 advertit,
1682 2981 1725 3010 ut
1744 2983 1836 3008 nova
1847 2970 2059 3019 Reformatio
2071 2981 2139 3004 non
2162 2979 2203 3005 ex
2214 2966 2414 3015 Observan-

320 3013 408 3040 uum
422 3005 501 3061 Jmss
518 3028 530 3049 ‚
545 3005 609 3054 sed
629 3017 669 3043 ex
687 3006 869 3044 Mmorum
883 3010 1172 3049 Conventualium
1192 3018 1322 3061 gremio
1346 3018 1501 3071 effluxiffe
1522 3020 1687 3056 videatur
1708 3045 1719 3056 .
1746 3020 1800 3055 Ex
1829 3031 1902 3066 quo
1921 3030 1984 3055 nos
2007 3017 2133 3055 restitns
2153 3017 2290 3053 filiales
2316 3015 2413 3050 Con-

322 3053 538 3088 ventualium
552 3077 565 3098 ‚
592 3055 625 3091 8(
648 3066 719 3091 non
737 3055 1007 3094 Observantium
1032 3062 1199 3107 appellari
1225 3064 1346 3101 debere
1360 3090 1374 3110 ‚
1398 3068 1486 3105 clare
1499 3068 1671 3114 sequitur.
1696 3067 1792 3112 Quid
1809 3078 1893 3111 ergo
1907 3066 2093 3111 conducit,
2122 3064 2156 3100 8(
2176 3065 2260 3113 quid
2277 3060 2414 3112 operati

320 3100 431 3144 potest
447 3110 654 3159 contentam
670 3105 818 3161 pecteto
835 3106 960 3149 phrasis
983 3106 1121 3144 Filiales
1133 3121 1175 3146 ex
1192 3111 1304 3147 eadem
1315 3112 1496 3162 Religione
1510 3115 1778 3162 Observandum
1791 3117 1807 3149 ?

321 3191 354 3226 ἃ
411 3148 468 3184 Ne
490 3159 601 3187 tamen
618 3151 772 3203 filialem
795 3163 814 3185 a
836 3154 911 3208 5³1².
922 3156 1197 3213 Observantibus
1211 3161 1337 3196 Ortum
1357 3164 1517 3201 nauseare
1537 3164 1671 3207 videar,
1693 3161 1788 3200 miffa
1800 3162 1889 3202 facio
1903 3185 1918 3207 ‚
1934 3176 2009 3211 quae
2023 3161 2195 3209 hueusque
2207 3163 2298 3200 dieta
2312 3161 2410 3204 sunt,

370 3195 473 3249 corde
488 3197 522 3232 8(
535 3209 594 3234 ore
609 3198 773 3235 honorem
788 3201 979 3247 hujusmodl
994 3205 1171 3249 Religioni
1185 3210 1427 3247 meaeadscribo
1441 3236 1456 3256 ,
1478 3213 1686 3258 eandemque
1701 3211 1854 3249 filialem
1878 3212 1934 3248 seu
1949 3213 2179 3250 immediatam
2210 3213 2278 3250 1³1³.
2288 3209 2413 3248 obser.

315 3249 466 3276 vannum
480 3243 612 3299 Prolem
644 3258 867 3294 nuncupatam
885 3253 969 3287 volo
984 3275 997 3296 ,
1017 3265 1056 3288 ac
1068 3264 1111 3289 ex
1131 3253 1196 3293 hoc
1204 3254 1295 3293 fonte
1307 3258 1518 3304 prioritatem
1532 3259 1679 3306 originis
1691 3259 1732 3297 iis
1757 3270 1949 3306 competere
1979 3263 2070 3298 ultro
2086 3260 2198 3297 fateor
2214 3282 2224 3291 -
2240 3262 2339 3297 Hanc
2351 3268 2413 3294 ω·

319 3294 384 3320 tcm
406 3289 538 3368 nullpm
550 3305 605 3347 1¹3⁵
622 3296 821 3352 praecedendi
837 3298 985 3335 conferre
999 3298 1197 3347 superaddo,
1209 3305 1387 3352 postquam
1399 3308 1617 3344 Constitutio
1626 3309 1794 3354 Gregorii
1805 3310 1836 3346 X
1846 3310 1911 3346 tv.
1925 3323 1999 3359 quae
2012 3308 2158 3356 incipit:
2173 3309 2327 3360 Expositi!
2339 3305 2412 3348 &0-

323 3343 387 3378 1³¹0
400 3343 515 3415 fesssufl
528 3343 739 3394 unffversaltsst
754 3355 834 3389 qua,
845 3347 940 3390 quod
950 3349 1052 3384 Sacra
1064 3351 1266 3388 Tribunalia
1282 3355 1395 3391 Romae
1409 3357 1718 3400 deflebtannforsan
1733 3359 1862 3395 anre-8<
1879 3361 1955 3406 post
1969 3360 2116 3396 nostrum
2134 3360 2315 3396 Decretum
2328 3360 2413 3392 Am-

331 3391 450 3424 Pfflfflfl
471 3391 488 3412 ‘v
500 3405 512 3423 2
538 3388 629 3421 aliud
645 3394 837 3436 exemplum
848 3405 916 3429 non
930 3397 1090 3442 reperitur
1107 3422 1121 3443 ,
1147 3399 1234 3436 inter
1250 3402 1487 3440 Mendicantes
1498 3417 1560 3442 eos
1572 3428 1585 3448 ‚
1597 3406 1656 3454 qui
1666 3406 1877 3453 antiquiores
1890 3410 1925 3443 in
1945 3409 2021 3445 loco
2034 3406 2279 3444 controversia:
2296 3407 2413 3447 effents

331 3429 522 3472 pra-cedere
549 3434 669 3470 debere
691 3438 829 3476 sancivit
852 3465 862 3476 .
888 3443 973 3478 Non
1001 3456 1085 3489 ergo

1113 3449 1270 3492 prioritas
1297 3451 1508 3489 Profeflionis
1525 3477 1536 3496 ‚
1562 3455 1713 3492 Habitsss
1736 3456 1802 3492 διε.
1824 3467 1885 3492 nec
1909 3457 2065 3503 prioritas
2091 3454 2128 3492 in
2159 3457 2409 3502 approbatione

290 3494 296 3500 ‘
326 3476 357 3508 Α
367 3475 527 3517 ΡΟΙὶυΙίεε
539 3501 550 3519 ,
576 3479 629 3514 sed
642 3484 794 3525 prioritas
807 3490 840 3523 in
858 3492 937 3526 loco
950 3491 1086 3528 videtur
1098 3498 1212 3540 regula
1228 3500 1457 3543 praecedentiae
1470 3528 1479 3537 .
1506 3502 1596 3538 Hinc
1609 3503 1676 3549 ipsa
1692 3504 1727 3540 8(
1742 3504 1859 3539 eadem
1873 3506 1951 3541 Sac.
1965 3506 2040 3541 Rit.
2051 3504 2182 3547 Congr.
2194 3506 2227 3539 in
2244 3504 2406 3552 posterio-

325 3521 420 3602 ἐνέδυε
438 3522 574 3567 Cauiis,
588 3528 607 3560 ὲ
623 3528 963 3575 PP.Observantibus
988 3542 1126 3587 magnifi

369 3579 453 3614 eque
481 3580 546 3605 non
560 3578 686 3611 attenti
710 3579 797 3616 varie
825 3595 939 3621 eontra
953 3599 1014 3623 eos
1030 3591 1126 3625 decid

325 3615 386 3667 sol.
406 3626 463 3662 49.
491 3618 522 3651 8(
541 3630 586 3664 ςο
622 3619 657 3656 in
677 3625 886 3665 Materanensi

324 3664 387 3698 (oi.
409 3674 483 3699 tto-
513 3667 665 3703 videndis
679 3672 744 3707 &c-

428 3710 503 3765 jam
519 3716 602 3749 vcro
616 3738 628 3757 ,
651 3729 727 3752 curn
748 3719 786 3756 sn
802 3727 916 3767 regula
930 3729 972 3763 ab
986 3743 1041 3767 om

340 3767 411 3791 rum
427 3768 513 3795 inter
524 3760 554 3797 se
565 3767 805 3804 contrariorum
816 3774 999 3816 posteriora
1011 3780 1041 3818 se

1129 3555 1237 3599 fatam
1248 3545 1342 3602 suam
1360 3549 1572 3586 Prioritatem
1593 3551 1646 3587 seu
1660 3553 1805 3588 nostram
1822 3552 2041 3589 filiationem
2057 3563 2207 3588 mancam
2225 3553 2379 3600 palpavit
2393 3574 2408 3596 ,

970 3635 980 3644 .
1129 3601 1154 3626 ¹t
1170 3614 1183 3633 2
1207 3601 1257 3646 pti
1270 3606 1359 3639 patet
1378 3598 1422 3633 ex
1434 3598 1588 3634 Decretis
1611 3599 1644 3634 in
1656 3599 1769 3635 Causa
1785 3601 1983 3637 Portentina
2007 3600 2078 3637 loci
2096 3599 2255 3637 Vineolae
2283 3601 2410 3646 supra„

914 3635 980 3670 loct
1002 3637 1043 3672 de
1064 3638 1262 3676 ferrandtna
1285 3643 1347 3678 sol.
1359 3656 1415 3691 53.
1442 3646 1476 3681 8(
1499 3646 1533 3681 in
1556 3647 1654 3683 causa
1671 3647 1812 3684 Nullius
1829 3647 1885 3684 sen
1907 3649 2058 3686 Barenfis
2080 3649 2198 3686 Terrae
2224 3647 2406 3696 Putignani

1045 3733 1142 3771 nibus
1155 3747 1289 3783 recepta
1300 3762 1314 3781 ,
1338 3740 1371 3776 8(
1386 3742 1576 3790 propolirio
1588 3743 1753 3781 textualis
1765 3767 1780 3787 ‚
1803 3745 1895 3791 quod
1910 3745 1944 3782 in
1963 3745 2228 3783 circumstantiis
2243 3750 2407 3786 Deci-eto.

1045 3793 1140 3829 mper
1154 3783 1214 3821 sint
1226 3789 1438 3832 pracferenda
1449 3816 1462 3834 ,
1476 3793 1531 3828 vel
1546 3792 1639 3839 quod
1651 3793 1840 3841 posteriora
1856 3795 2022 3841 derogent
2036 3795 2207 3843 prioribus
2218 3819 2231 3841 ,
2241 3797 2292 3833 uti
2306 3804 2403 3834 notat

2277 3844 2360 3893 Syl<
