2618 4108
843 247 1694 368 Monferratensts.

206 382 359 430 riffimo
372 377 412 422 in
430 372 592 420 Christo
606 370 712 417 Filio
731 368 1250 421 nostrmF‘erdinando,lm-

206 452 389 504 peratori
414 438 576 485 electo,
610 429 903 488 foederatisque
929 429 1157 473 Germaniae
1181 443 1250 484 po·-

206 504 313 564 pulis
345 527 359 550 ,
385 495 580 554 quantum
610 505 684 549 per
712 490 932 547 Apostolici
958 489 1085 532 aerarii
1112 502 1238 544 angu-

210 564 301 608 stias
329 559 426 601 licet
441 584 456 606 ,
487 552 754 596 submittimus
769 579 781 591 .
812 549 894 593 Sed
914 549 1007 605 quia
1024 546 1132 590 bella
1156 560 1236 589 non

214 633 301 666 tam
317 617 493 661 militum
515 612 637 656 armis
652 636 667 660 ,
696 613 817 664 quam
850 608 1082 662 Principum
1108 607 1249 649 animis

2108 254 2281 358 267

1567 369 1744 422 Eodem
1773 381 2050 438 argumento
2067 403 2080 418 .

1358 492 1556 547 Atergo:
1590 487 1745 531 Dileft'o
1763 485 1896 538 Filio,
1927 484 2064 531 Nobila·
2096 486 2271 539 Vir-ostv-

1617 551 1764 590 Comen·
1795 548 2000 589 Beneventi
2015 575 2027 586 .

213 684 254 725 δι
274 686 476 738 geruntur
497 674 535 715 &
556 669 801 712 dirimuntur
819 695 834 719 ,
866 667 915 710 ad
940 680 1083 710 eorum
1106 665 1249 707 volun·
1310 670 1358 717 G
1386 671 1427 717 R
1455 671 1491 717 E
1522 670 1569 717 G
1596 669 1644 716 O
1674 669 1716 715 R
1742 669 1764 715 1
1799 667 1845 719 U
1873 670 1903 716 S
1954 669 2047 716 PA
2071 669 2101 716 Ρ
2123 671 2165 715 Α
2221 671 2263 715 Χ
2280 669 2345 717 V,

213 752 318 784 tates
343 728 617 779 conciliandas
642 739 724 770 non
738 724 863 770 solum
891 724 1130 782 Apostolicis
1146 723 1242 766 lite-

214 814 271 846 ris
301 790 583 851 frequentibu⁸
611 812 627 835 ³
657 786 987 842 Nuntiorumque
1012 784 1239 827 nostrorum
1302 786 1460 830 Ditem
1478 782 1731 837 pugnamus
1760 784 2005 840 {Vn-,sblutem
2023 785 2071 832 ζῇ·
2091 783 2348 840 Apostolum

219 857 372 905 affiduo
395 853 578 895 sermone
605 847 784 897 utimur,
817 845 937 888 sedin
953 843 1254 888 Germaniam-o

214 911 463 979 jampridem
476 906 751 961 ablegavimus
770 905 972 948 Dilectum
990 902 1254 953 Filium,Fra·

220 986 329 1021 trem
345 967 623 1026 Hyacinthum
637 993 652 1016 ‚
683 963 937 1007 casalensem
950 992 964 1014 ,
978 961 1250 1018 Capucinum,

221 1037 370 1080 Virum
385 1030 431 1072 iis
446 1025 688 1072 Proceribus
704 1022 808 1064 haud
826 1024 1009 1078 ignotum
1022 1050 1036 1073 ,
1064 1018 1251 1077 praestan-

223 1097 258 1141 ti
280 1088 471 1147 ingenio,
500 1086 541 1127 δι
569 1081 757 1140 prompta
777 1078 1046 1138 eloquentia,
1078 1089 1162 1119 tum
1194 1076 1254 1117 vi-

1665 842 1970 886 Benedzblmncm
1982 872 1994 884 .

1426 930 1466 1007 ὸ
1490 976 1562 1006 nos
1577 991 1590 1014 ,
1606 961 1704 1004 licet
1720 960 1879 1003 meritis
1897 960 2093 1016 impares,
2125 961 2351 1004 miserentis

1444 1023 1523 1065 Dei
1545 1021 1716 1065 dextera
1739 1020 1909 1064 deduxit
1925 1048 1939 1070 ,
1967 1031 2009 1061 ut
2034 1022 2120 1061 dies
2138 1021 2354 1075 noe'tesque

1313 1082 1472 1127 assiduis
1485 1083 1592 1124 curis
1606 1081 1843 1122 fluctuantes
1857 1107 1872 1131 ,
1886 1081 1923 1120 &
1939 1079 2066 1122 dubio
2080 1093 2219 1121 rerum
2234 1093 2356 1122 even-

222 1156 275 1200 η’
292 1147 528 1206 integritate
541 1145 580 1186 δι
598 1154 733 1185 rerum
751 1142 1011 1183 humanarum
1026 1136 1251 1192 despicien·
1312 1154 1361 1188 tu
1391 1141 1555 1208 susp-eust
1571 1168 1584 1192 ,
1611 1140 1859 1196 perturbata:
1882 1138 2112 1181 Germanjae
2140 1139 2358 1193 pericula„

223 1215 283 1257 tia
298 1208 489 1264 iniignem
505 1232 520 1254 ,
543 1203 614 1258 qui
632 1199 802 1257 privatis
831 1198 1017 1240 omnibus
1034 1193 1254 1238 rationibus

223 1265 460 1331 posthabitis
477 1289 492 1313 ,
522 1261 744 1303 animarum
779 1254 896 1299 saluti
921 1286 937 1307 ‚
973 1256 1013 1296 &
1030 1251 1257 1309 Religionis

222 1325 414 1387 dignitati
428 1317 662 1365 consuleret
683 1344 696 1357 .
728 1317 851 1359 Nunc
871 1325 1007 1357 autem
1031 1327 1124 1356 eum
1140 1340 1154 1363 ,
1188 1312 1258 1368 qui

224 1389 355 1435 nostra
366 1385 407 1425 δε
419 1376 652 1424 Christianae
672 1373 923 1430 Reipublicae
937 1373 1100 1428 negotia
1113 1384 1257 1414 curans

223 1451 526 1492 Germanorum
545 1435 779 1491 Principum
793 1433 947 1476 animos
974 1446 1103 1487 nuper
1117 1430 1257 1472 intros-

224 1506 365 1566 picere
379 1497 543 1558 potuit,
571 1494 611 1538 in
637 1494 867 1549 Hispaniam
891 1491 1117 1546 demigrare
1142 1487 1258 1544 jube·

225 1577 313 1610 mus
328 1592 343 1615 ,
376 1569 422 1602 ut
448 1553 757 1613 Maiestati-Tuae
774 1580 790 1602 ,
820 1550 935 1607 cujus
961 1548 1143 1606 potentia
1169 1561 1255 1589 ma·

226 1622 325 1669 ximi
353 1618 509 1673 semper
531 1611 729 1656 momenti
758 1609 891 1653 futura
906 1608 1024 1652 estad
1039 1604 1258 1651 Christiani

227 1680 354 1728 Orbis
368 1675 611 1720 felicitatem
634 1668 943 1725 comparandam
961 1697 975 1720 ,
1005 1678 1160 1711 tantam
1177 1677 1263 1708 rem

229 1739 464 1788 luculenter
485 1741 664 1788 exponat
681 1758 697 1782 ,
733 1727 1039 1783 remediumque
1062 1724 1265 1783 praesenti-

229 1802 304 1846 bus
331 1790 708 1855 perturbationibus
738 1786 916 1831 salutare
939 1785 1074 1828 nostro
1098 1783 1264 1826 nomine

230 1854 482 1904 demonstret
495 1881 508 1894 .
540 1849 649 1893 Huic
662 1862 763 1904 ergo
778 1845 947 1903 perinde
962 1874 976 1897 ,
998 1860 1043 1887 ac
1063 1843 1189 1888 Nobis
1205 1843 1264 1896 ip·

229 1919 308 1969 fis,
342 1912 517 1958 credere
542 1908 696 1965 poterit
725 1905 909 1962 Maiestas
926 1907 1043 1955 Tua,
1072 1905 1092 1945 a
1120 1915 1197 1956 qua
1222 1901 1263 1941 in

228 1969 458 2020 ‘visceribus
484 1967 573 2029 J‘su
601 1964 749 2009 Christi
775 1962 1032 2006 obsecramus
1050 1989 1065 2012 ,
1097 1971 1140 2003 ut
1169 1957 1266 2002 novi

233 2036 294 2080 sui
311 2031 564 2086 Principatus
586 2025 750 2067 initium
767 2020 947 2065 facinore
964 2022 1116 2076 aliquo,
1132 2020 1169 2060 in
1184 2032 1272 2059 om-

233 2106 328 2139 nem
346 2085 593 2148 posteritatis
610 2082 849 2126 memoriam
871 2080 1163 2127 celeberrimo,
1183 2075 1273 2118 insi-

237 2152 358 2211 gnire
395 2147 495 2191 velit
521 2175 533 2186 .
574 2142 701 2201 Qiod
725 2140 892 2196 quidem
919 2138 1023 2182 haud
1050 2137 1273 2180 difficulter

235 2210 447 2264 continget
466 2203 516 2256 ‚fi
542 2208 660 2259 regiae
676 2211 754 2242 tuae
778 2200 927 2240 mentis
943 2197 1082 2241 oculos
1103 2196 1154 2238 ad
1182 2209 1272 2237 eam

234 2268 488 2328 provinciam
513 2258 740 2318 adjeceris,
775 2257 841 2299 cui
862 2257 1089 2300 Christiana
1115 2255 1271 2309 Respu-

233 2327 345 2373 blica
373 2323 604 2369 Austriacos
640 2316 872 2371 Principes,
896 2313 1124 2358 Catholicae
1154 2312 1269 2355 Reli-

237 2386 370 2445 gionis
384 2389 722 2441 propugnatores,
736 2376 889 2419 debere
907 2374 945 2417 se
966 2372 1181 2429 profitetur
1194 2398 1209 2420 ,
1222 2384 1269 2414 ac

237 2443 499 2490 Germanicas
521 2438 776 2481 calamitates
802 2433 979 2488 segetem
998 2446 1045 2475 ac
1063 2429 1271 2473 materiam

234 2500 483 2560 Hispalensis
505 2498 645 2554 gloriae
676 2495 817 2537 haberi
846 2492 1050 2535 volueris.
1078 2492 1141 2533 Ita
1167 2491 1276 2533 enim

238 2566 421 2609 Domino
452 2559 649 2601 aeternum
681 2551 899 2609 regnanti,
939 2550 1005 2592 cui
1031 2550 1278 2591 hominum

233 2636 365 2680 ‘genus
381 2650 396 2674 ‚
430 2616 668 2670 coelumque
690 2615 728 2654 &
752 2611 959 2655 elementa
981 2608 1061 2663 ipsa
1080 2606 1278 2650 famulan-

239 2694 312 2726 tur
335 2707 351 2731 ‚
380 2676 542 2734 egregie
571 2672 796 2717 inservies:
834 2683 880 2711 ac
909 2669 1144 2723 praeclarum
1172 2664 1277 2708 illud

240 2737 452 2785 Catholici
478 2731 656 2777 nominis
682 2728 973 2787 patrimonium
996 2753 1011 2776 ,
1048 2725 1157 2782 quod
1185 2724 1278 2766 Tibi

240 2794 544 2845 haereditarium
576 2789 780 2846 Majorum
821 2798 986 2830 tuorum
1023 2786 1150 2840 pietas
1183 2783 1280 2824 reli-

241 2858 330 2916 quit
355 2886 370 2909 ,
413 2852 588 2910 propriis
623 2847 844 2903 Maiestatis
868 2856 946 2887 tuae
964 2843 1198 2901 promeritis
1213 2841 1286 2885 de-

245 2917 366 2967 beri,
403 2915 565 2967 Europa
592 2909 721 2950 omnis
747 2904 941 2947 fatebstur
965 2932 977 2954 ,
1014 2917 1059 2945 ac
1087 2900 1286 2958 Maiestati

244 2986 348 3024 tue,
381 2969 618 3015 Chariffime
646 2968 686 3008 in
710 2963 873 3008 Christo
890 2962 965 3005 Fili
988 2961 1150 3012 noster,
1176 2963 1289 3014 Apo-

246 3034 428 3079 ssolrcam
451 3027 782 3072 Benedictionem
817 3018 1075 3064 amantiffime
1100 3019 1287 3072 imperti·

247 3106 340 3136 mur
368 3120 380 3132 .
420 3093 571 3132 Datum
608 3087 744 3128 Romae
769 3081 871 3135 apud
910 3081 1090 3122 Sanftam
1115 3077 1284 3120 Mariam

247 3149 450 3205 Maiorem
468 3147 540 3190 sub
556 3143 724 3188 Annulo
749 3140 961 3183 Piscatoris
984 3139 1053 3180 die
1072 3151 1139 3180 xv.
1157 3138 1280 3178 Ot‘to-

252 3210 339 3254 bris
363 3219 557 3252 mncxxt.
582 3200 848 3246 pontificatus
876 3197 998 3241 nostri
1014 3211 1118 3239 anno
1133 3196 1276 3251 primo.

611 3321 787 3376 Joannes
808 3315 1046 3372 Ciampolus
1061 3317 1220 3357 Secret.

307 3450 473 3498 Autogr.
504 3444 547 3484 in
574 3443 717 3482 Secret.
734 3441 850 3477 Brev.
877 3433 927 3476 ad
953 3432 1162 3489 Principes
1188 3434 1283 3487 Reg.

362 3498 482 3561 mens:
496 3502 543 3551 θ’
556 3490 839 3553 annipred0f
856 3495 954 3551 298.

373 3920 476 3961 Tam.
489 3915 567 3961 ΙΙΙ.

1316 1201 1604 1260 prospiciamus
1619 1227 1631 1239 .
1663 1200 1765 1256 Qae
1779 1196 1946 1252 quidem
1962 1208 2108 1253 quanta
2129 1200 2201 1239 lint
2215 1225 2234 1248 ,
2259 1211 2361 1238 cun-

1317 1264 1387 1306 &ae
1402 1263 1570 1315 Europae
1584 1269 1839 1313 compertum
1854 1257 1912 1299 est
1926 1287 1941 1308 ‚
1965 1256 2131 1312 Nosque
2144 1286 2158 1307 ,
2177 1259 2244 1312 qui
2261 1255 2360 1298 nihil

1319 1323 1340 1365 a
1360 1320 1489 1364 Nobis
1514 1318 1690 1361 alienum
1707 1327 1895 1373 putamus
1909 1317 2046 1372 ,quod
2066 1316 2114 1358 ad
2133 1316 2363 1358 Catholncae

1321 1377 1552 1435 Religionis
1566 1378 1606 1418 &
1626 1377 1797 1419 Romani
1815 1377 1985 1431 imperii
1999 1375 2244 1430 dignitatem
2269 1388 2368 1429 per-

1318 1441 1448 1483 tineat
1461 1464 1476 1487 a
1502 1436 1720 1491 lachrymis
1734 1433 1894 1479 facilius
1909 1433 2251 1490 poffumus,quam
2270 1447 2364 1475 ver-

1318 1501 1380 1544 bis
1392 1497 1597 1552 explicare
1612 1525 1623 1536 .
1660 1497 1814 1537 Tamen
1829 1523 1843 1545 ,
1859 1496 1953 1548 quia
1968 1492 2265 1549 desperandum
2282 1506 2365 1534 non

1318 1559 1375 1603 est
1393 1557 1469 1600 Dei
1484 1551 1639 1597 causam
1653 1553 2183 1609 propugnantibus,operam
2200 1565 2370 1595 accura-

1323 1615 1465 1662 tiffime
1478 1613 1619 1655 damus
1634 1639 1648 1661 ‚
1680 1621 1723 1655 ut
1739 1611 1990 1654 Christianus
2007 1612 2128 1652 Orbis
2146 1611 2368 1665 intelligat,

1323 1690 1390 1720 eas
1415 1672 1672 1715 calamitates
1696 1670 1926 1713 Catholicae
1954 1671 2141 1712 Ecclesiae
2170 1669 2370 1712 luctuosas

1324 1735 1375 1779 ad
1400 1732 1641 1789 praecipuam
1657 1742 1797 1772 curam
1815 1729 1987 1771 nostram
2013 1730 2250 1783 pertinere.
2277 1732 2372 1788 Qa

1323 1793 1490 1852 quidem
1526 1789 1580 1832 de
1618 1803 1665 1832 re
1694 1790 1914 1830 certiorem
1945 1786 2064 1831 saciet
2097 1789 2372 1831 Nobilitatem

1326 1856 1474 1902 Tuam,
1487 1849 1658 1892 dilectus
1675 1846 2164 1902 Filiusffirflyacinthus,
2177 1853 2233 1890 Ca
2241 1846 2373 1889 salen—

1328 1913 1373 1956 sis
1387 1940 1402 1962 ‚
1417 1908 1650 1962 Capucinus
1665 1935 1680 1957 ,
1710 1908 1730 1948 a
1748 1922 1830 1964 quo
1847 1907 2099 1960 Apostolicas
2121 1910 2279 1950 Literas
2302 1921 2374 1948 ac-

1331 1971 1483 2028 cipies:
1512 1970 1616 2010 Eum
1633 1966 1741 2009 enim
1756 1995 1770 2018 ‚
1797 1980 1919 2022 quem
1940 1966 2059 2008 ltalia
2084 1969 2125 2008 in
2145 1965 2261 2008 sacris
2276 1979 2375 2006 cun·

1332 2029 1514 2073 cionibus
1541 2035 1781 2081 regnantem
1810 2038 2054 2077 veneratur,
2090 2030 2173 2068 Nos
2202 2039 2374 2068 rerum

1333 2086 1583 2146 agendarum
1599 2085 1804 2141 peritia,&
1820 2086 1909 2126 vitae
1923 2084 2164 2139 integritate
2177 2085 2373 2139 insignem

1333 2150 1372 2191 in
1400 2146 1668 2191 Germaniam
1699 2143 1944 2201 jampridem
1968 2146 2142 2186 misimus
2159 2173 2173 2196 ,
2204 2156 2246 2186 ut
2267 2147 2374 2186 Pon·

1333 2206 1453 2250 tificia
1471 2204 1725 2248 Auc’toritate
1736 2218 1826 2246 cum
1841 2203 1884 2244 iis
1901 2204 2155 2257 Principibus
2172 2204 2374 2259 publicam

1332 2262 1487 2308 causam
1501 2261 1741 2305 dissereret.
1776 2265 1930 2305 Eorum
1946 2264 2046 2305 vero
2062 2263 2274 2304 sententiis
2303 2276 2377 2316 pe·

1330 2325 1439 2368 nitus
1460 2321 1807 2379 perspestis‚nunc
1823 2321 2018 2364 mandato
2031 2322 2167 2364 nostro
2181 2322 2217 2363 iu
2233 2319 2377 2376 Hispa-

1334 2384 1442 2426 niam
1469 2379 1737 2437 proficiscitur
1764 2409 1778 2432 ,
1806 2382 1873 2437 qui
1909 2382 1933 2424 a
1963 2381 2186 2423 catholico
2221 2382 2338 2434 Rege
2361 2407 2377 2431 ,

1335 2441 1449 2496 cujus
1467 2440 1649 2482 maxima
1690 2437 1827 2482 sutura
1855 2435 1934 2480 effe
1952 2438 2115 2481 videtur
2144 2441 2184 2481 in
2200 2441 2380 2481 Germa-

1335 2501 1411 2544 niae
1427 2501 1527 2542 statu
1540 2497 1828 2541 constituendo
1845 2498 2064 2540 auctoritas
2083 2526 2096 2550 ,
2124 2512 2170 2540 ea
2190 2496 2380 2551 Religio·

1338 2561 1378 2603 ni
1394 2561 1433 2601 δι
1448 2558 1625 2614 Imperio
1639 2556 1803 2600 subfidia
1820 2566 2063 2611 comparet,
2086 2571 2173 2612 quae
2185 2556 2379 2599 Catholi-

1340 2616 1673 2662 corumomnium
1702 2616 1806 2659 votis
1822 2627 2074 2671 expetuntur
2091 2643 2103 2656 .
2138 2620 2273 2658 Nemo
2293 2615 2349 2658 est
2363 2640 2379 2663 ,

1341 2678 1505 2736 quinon
1521 2676 1693 2727 videat,
1723 2677 1917 2732 quantum
1934 2674 2160 2730 adjumenti
2181 2676 2229 2716 ad
2249 2674 2381 2730 publi·

1341 2750 1431 2779 cam
1465 2735 1618 2779 causam
1653 2733 1800 2776 afferre
1826 2733 1940 2790 potiit
1980 2735 2106 2790 pietas
2139 2733 2379 2776 Nobilitatis

1347 2798 1472 2847 Tuae,
1496 2808 1582 2850 quae
1609 2807 1690 2836 non
1722 2792 1849 2837 solum
1875 2793 1984 2835 inter
2012 2794 2208 2850 praecipua
2233 2793 2380 2846 Hispa-

1348 2854 1445 2898 nicae
1470 2855 1584 2895 Aulae
1607 2862 1844 2894 ornamenta
1872 2880 1886 2903 ,
1914 2849 1980 2893 sed
2014 2853 2137 2895 etiam
2161 2849 2381 2893 firmissima

1349 2914 1572 2956 communis
1598 2910 1891 2954 incolumitatis
1919 2910 2091 2965 praesidia
2110 2924 2380 2953 connumera-

1349 2981 1416 3015 tur
1428 3001 1439 3012 .
1474 2971 1520 3013 Ei
1535 2983 1635 3024 ergo
1651 2972 1782 3013 Fratri
1800 2970 2037 3024 Hyacintho
2052 2969 2244 3019 eandem,
2258 2983 2378 3022 quam

1350 3030 1504 3081 Nobis,
1530 3028 1652 3071 fidem
1682 3029 1832 3070 habere
1860 3028 2012 3082 poterit
2040 3028 2242 3069 Nobilitas
2264 3031 2287 3067 Ἰ
2301 3043 2379 3078 ua,

1346 3089 1366 3131 a
1383 3103 1459 3144 qua
1475 3089 1624 3131 obnixe
1641 3088 1816 3141 petimus
1830 3115 1844 3136 ,
1875 3097 1920 3128 ut
1938 3085 1997 3126 illi
2012 3087 2120 3129 omni
2139 3101 2217 3139 ope
2238 3085 2381 3129 suffra—

1344 3149 1477 3203 geris:
1507 3160 1597 3187 nam
1618 3145 1845 3199 Religionis
1865 3144 2054 3199 dignitati
2084 3146 2276 3186 inservies
2295 3176 2309 3196 ,
2340 3146 2380 3186 &

1338 3205 1590 3250 Pontificiam
1621 3205 1875 3247 voluntatem
1901 3203 2073 3246 nostram
2106 3204 2196 3246 Tibi
2233 3206 2378 3248 arcturis

1337 3266 1601 3309 obstrinxeris
1619 3295 1629 3306 .
1667 3267 1815 3306 Datum
1844 3266 1981 3306 Romae
2009 3263 2115 3317 apud
2149 3268 2189 3305 5.
2209 3265 2380 3308 Mariam

1344 3324 1544 3380 Maiorem
1573 3324 1644 3366 sub
1668 3323 1832 3365 Annulo
1850 3321 2062 3364 piscatoris
2089 3321 2158 3364 die
2173 3336 2236 3365 xv.
2254 3327 2381 3367 Ot‘to-

1344 3386 1424 3428 bris
1439 3397 1631 3428 Mncxxt.
1662 3380 1921 3425 Pontificatus
1948 3380 2072 3423 nostri
2085 3383 2209 3426 Anno
2231 3384 2378 3441 primo.

1403 3501 1586 3548 ExArch.
1604 3501 1651 3550 θ’
1667 3499 1948 3559 Regmnst&
1962 3499 2380 3562 annlpraedfil.597.

1345 3762 1522 3816 Eodem
1553 3763 1769 3831 exemplo
1796 3764 2144 3815 commendavit
2172 3764 2382 3816 Eundem

1417 3834 1467 3888 ἃ
1485 3833 1760 3949 Ρτειηείἓτῖ),
1795 3836 2057 3888 Marchioni
2088 3840 2311 3950 Aytong.

1748 3920 1773 3949 2
2280 3920 2328 3949 Ο·
