2618 4108
844 209 1644 331 Monserratensts
1669 280 1687 299 .

455 334 636 387 Eodem
668 346 944 405 argumento
962 368 977 384 .

2101 216 2269 322 263

1512 348 1515 350 ·
1563 330 1747 384 Eodem
1782 344 2059 403 argumento
2075 365 2090 379 .

204 453 242 500 Α
256 456 401 508 tergo:
421 453 576 499 Dilefi'o
590 451 711 505 Filio,
725 450 951 509 mamistra,
965 449 1239 505 safico-leffiu-
1300 452 1335 496 Α
1353 460 1487 508 tergo:
1508 449 1663 493 Dilecto
1682 451 1800 499 Filio,
1815 450 2018 501 fider-ico,
2035 450 2180 491 s.R.E.
2190 447 2350 505 Pmby-

305 514 529 573 Presbytero
546 514 756 559 &dinan
770 512 819 558 de
830 507 1115 567 Diemchstein
1127 538 1140 553 .

234 633 770 695 GREGORIUS
824 632 1039 681 PAPA
1095 632 1216 680 XV.

270 755 428 804 Ducere
438 752 523 799 Fun·
536 748 852 808 Noster-salutem
867 749 918 798 ἐς
930 748 1190 807 Apostole'cam

563 807 873 856 Beni-amionem
886 837 898 851 .

344 932 448 981 Abet
464 927 646 988 profecto
658 925 885 972 Christiana
901 924 1148 983 Respublica
1163 938 1257 968 cer-

369 986 558 1036 tissimum
576 987 739 1046 pietatis
752 987 794 1028 δι
807 985 902 1033 fidei
919 986 1016 1029 Tuae
1029 985 1256 1028 documen-

220 1068 336 1099 tum.
362 1051 455 1096 Tibi
472 1049 581 1092 enim
596 1077 612 1100 ‚
634 1048 677 1089 &
692 1046 714 1087 a
737 1044 965 1102 Maioribus
990 1044 1151 1087 relictas
1174 1044 1254 1085 hae-

220 1114 451 1163 reditates‚
474 1110 514 1152 &t
530 1109 620 1151 Tua
635 1106 803 1150 Virtute
833 1114 968 1160 partas
994 1102 1158 1145 divitias
1182 1114 1258 1157 pro

221 1171 448 1218 Catholicai
466 1162 692 1222 Religionis
717 1162 848 1223 gloria
868 1159 1065 1204 vilescere
1089 1162 1129 1203 in
1156 1173 1257 1215 prae-

224 1231 328 1276 senti
343 1240 481 1274 rerum
505 1222 845 1269 Germanicarum
864 1218 1095 1262 discrimine
1119 1218 1258 1261 decla-

222 1289 338 1335 rasti.
364 1284 445 1330 Sed
473 1282 659 1339 profecte>
679 1294 758 1323 non
779 1286 936 1322 tantum
953 1278 1047 1319 Tibi
1070 1277 1098 1318 a·
1114 1277 1258 1320 Deser-

225 1348 382 1394 toribus
406 1341 619 1388 Haereticis
646 1338 883 1394 ademptum
908 1335 962 1378 de
989 1334 1259 1380 facultatibus

221 1407 496 1462 ast,quantum
509 1397 698 1445 additum
711 1397 761 1440 ad
776 1395 952 1452 gloriam
963 1395 1138 1452 egregiae
1154 1394 1260 1438 istius

224 1461 402 1510 Virtutis
416 1461 540 1510 Tuae,
564 1471 650 1514 quae
678 1467 821 1499 contra
841 1454 1066 1496 furentium
1091 1453 1262 1496 hostium

224 1521 395 1568 insultus
420 1515 683 1562 lii-minimum
713 1516 896 1556 habitum
910 1512 969 1557 est
990 1512 1261 1567 periclitantis

225 1578 458 1636 Religionis
478 1574 701 1632 praefidium
715 1600 728 1613 .
759 1571 1069 1622 Proinde,cum
1092 1569 1180 1627 spes
1194 1571 1265 1612 ali-

258 1655 307 1686 ua
327 1636 558 1683 serenitatis
579 1633 728 1676 affliclae
748 1629 998 1688 Reipublicae
1013 1629 1178 1674 coelitus
1201 1628 1264 1672 af·

227 1657 408 1750 adserit,
422 1698 560 1740 Deum
572 1704 736 1735 oramus
748 1716 763 1739 ,
788 1699 834 1734 ιιι
853 1688 948 1734 fidei
969 1689 1064 1733 Tuae
1081 1689 1266 1733 constan-

231 1761 334 1804 tiam
357 1754 499 1811 infigni
521 1749 692 1806 alicujus
716 1747 926 1801 felicitatis
960 1748 1154 1790 mercede
1182 1761 1267 1790 mu-

232 1826 407 1866 neretur
422 1843 435 1855 .
449 1812 648 1855 Videmus
661 1809 772 1853 enim
786 1838 803 1861 ,
814 1807 951 1864 quanti
967 1807 1006 1849 iu
1018 1807 1097 1850 istis
1115 1807 1270 1863 Regio·

238 1878 356 1923 nibus
385 1870 501 1918 Sedis
527 1869 765 1926 Apostolicae
793 1865 982 1916 interfit,
1007 1867 1033 1907 fi
1050 1895 1065 1918 ‚
1098 1867 1167 1921 qui
1197 1878 1271 1921 pro

231 1925 323 1994 ‘ejus
339 1931 545 1988 dignitate
559 1941 659 1983 opes
679 1925 765 1967 suas
786 1922 1035 1981 profundunt
1049 1953 1062 1975 ,
1089 1923 1271 1967 foenera·

236 1995 276 2039 ri
293 1996 386 2037 Deo
409 1988 586 2034 feliciter
610 1997 772 2041 quoque
790 1982 1032 2026 ‘videantur-
1059 1983 1134 2026 His
1152 1982 1271 2027 certe

235 2051 405 2112 pietatis
428 2049 523 2090 Tuae
547 2044 732 2086 laudibus
761 2044 846 2085 Nos
869 2038 1036 2083 mirifice
1061 2040 1240 2086 favemus
1255 2069 1270 2095 ,

222 2123 321 2171 >qiiae
337 2107 466 2153 Nobis
484 2102 657 2148 maximo
671 2100 813 2144 solatio
833 2099 1001 2144 fuerunt
1014 2099 1093 2152 ,de
1111 2109 1271 2156 pertur-

236 2173 334 2216 bato
346 2166 577 2211 Germanic
602 2162 700 2204 statu
719 2186 734 2211 ,
759 2163 892 2203 nostes
903 2157 1071 2215 diesque
1096 2173 1171 2215 pro
1185 2161 1263 2203 Pa·

235 2226 375 2274 storali
398 2223 529 2267 nostra
555 2219 828 2264 sollicitudine
848 2218 1144 2272 cogitantibus.
1185 2217 1274 2261 Sci-

239 2300 329 2333 mus
342 2283 453 2328 enim
470 2292 672 2337 nunquam
685 2288 855 2332 operam
872 2278 1002 2318 Tuam
1020 2277 1271 2331 Reipublicae

240 2345 478 2391 defuturam
491 2368 507 2392 ,
529 2352 608 2396 qua
621 2336 789 2393 quidem
809 2334 998 2388 diligenti
1022 2334 1175 2390 perfrui
1202 2335 1274 2378 in.»

239 2402 443 2465 presentia
470 2399 651 2453 cupimus
669 2393 871 2438 Dilectum
890 2392 1033 2436 Filium
1045 2423 1062 2445 ,
1079 2395 1146 2436 Fr-
1161 2395 1275 2448 Hya·

241 2463 428 2508 cinthum
452 2455 711 2501 Casalensem
724 2453 1037 2509 ,Capucinutm
1060 2466 1179 2509 quem
1200 2456 1273 2496 in.»

242 2520 511 2568 Germaniam
553 2513 747 2557 mittimus
772 2538 787 2562 ,
832 2510 1066 2568 gravissimis
1101 2512 1274 2568 negotiis

243 2570 1179 2686 ffiisso'ml'st;{ff?·2⁰‘⁵32ff¹³3322¹}3⁸1i2552
1191 2571 1281 2676 '³²32

249 2654 417 2756 speram
442 2648 560 2738 suani,
567 2659 776 2747 Religioni
792 2687 1059 2745 propagandae
1081 2659 1280 2742 devo’vit,

247 2756 370 2801 facile
391 2754 477 2799 Sibi
501 2748 835 2794 benevolentiam
863 2749 993 2793 Tuam
1021 2747 1279 2792 conciliabit.

251 2820 339 2861 Nos
352 2812 518 2872 quidem
532 2820 690 2852 tantum
707 2807 792 2863 ejus
805 2807 943 2850 virtuti
959 2806 1175 2850 tribuimus
1191 2836 1206 2858 ,
1236 2818 1280 2849 ut

250 2874 423 2919 eandem
438 2900 454 2923 ,
473 2883 593 2927 quam
610 2867 740 2911 Nobis
756 2865 842 2922 ipsis
857 2865 1113 2922 loquentibus
1131 2863 1281 2916 ,fidem

252 2934 320 2978 illi
341 2930 480 2977 haberi
498 2928 669 2971 velimus
683 2955 695 2966 .
727 2926 777 2967 Ei
795 2925 916 2981 igitur
928 2923 1040 2966 omni
1059 2922 1284 2967 officiorum

253 3004 406 3051 genere
431 2986 568 3045 praesto
591 2985 729 3029 aderis
752 2998 764 3028 z
790 2997 883 3026 nam
907 2983 946 3024 &
972 2980 1142 3037 publicae
1162 2981 1285 3025 causae

253 3048 528 3098 insen-vivetis,
540 3047 580 3089 8ι
595 3044 766 3088 nostram
783 3038 1023 3098 propensam
1038 3041 1294 3086 voluntatem

255 3110 411 3155 ‘ribiea
425 3107 587 3150 ratione
614 3100 759 3146 arstius
776 3099 1006 3147 devinxeris
1019 3129 1033 3142 .

314 3170 469 3211 Datum
494 3166 634 3207 Romae
658 3160 765 3217 apud
793 3164 836 3203 S.
853 3162 1024 3204 Mariam
1052 3157 1290 3215 Majorem„

253 3227 325 3271 sub
337 3223 506 3268 Annulo
523 3221 740 3265 Piscator-is
756 3218 825 3261 die
850 3233 898 3261 xi
913 3232 947 3260 1.
965 3217 1063 3275 Julii
1091 3232 1287 3262 Mocxxt.

257 3282 524 3336 Pontificatus
543 3280 679 3325 Nostri
695 3281 816 3323 Anno
832 3279 967 3334 primo
979 3306 992 3319 .

619 3398 788 3454 Joannes
803 3394 1039 3452 Ciampolus
1053 3398 1200 3439 Secret
1214 3425 1225 3437 .

318 3538 379 3582 Ex
401 3529 521 3576 Arch.
528 3528 658 3585 pred.
677 3530 772 3585 Reg.
786 3523 919 3583 menst't
934 3522 1113 3582 ‘Jahfol-
1127 3537 1197 3579 4²·

1448 520 1534 554 tero
1562 510 1773 555 cardinali
1799 509 1844 551 de
1872 508 2220 555 Hocbcnzolleren.

1311 629 1844 683 GREGORIUS
1919 631 2139 680 PAPA
2212 629 2349 678 XV.

1349 745 1504 793 DileHe
1534 745 1619 793 Fili
1640 745 1768 793 noller
1817 747 1963 788 alutem
1988 748 2035 795 ὅ
2064 745 2323 802 Apostolicam

1665 807 1766 850 Bene
1794 804 1974 848 tetaonem
1987 834 1999 848 .

1422 925 1520 968 llios
1547 923 1839 974 tenebrarum,
1868 922 2024 966 Divinae
2056 921 2157 964 lucis
2186 923 2353 970 olores,

1435 985 1501 1040 qui
1523 982 1593 1025 fibi
1621 994 1701 1023 non
1718 979 1842 1023 modo
1854 979 2188 1031 detrimentosos,
2202 978 2270 1021 sed
2293 978 2353 1019 in—

1315 1046 1488 1086 decoros
1518 1040 1746 1084 Catholicae
1770 1038 1999 1095 Religionis
2033 1041 2261 1094 triumphos
2288 1050 2355 1080 ar-

1316 1101 1550 1147 bitrantur,
1579 1098 1726 1141 scimus
1752 1097 1920 1155 quidem
1938 1098 2123 1156 quotidie
2150 1111 2258 1140 arma
2285 1111 2356 1139 cu·

1319 1161 1453 1208 dere,
1489 1159 1529 1200 &
1554 1154 1714 1200 infidias
1748 1156 1914 1210 moliri,
1945 1157 2088 1214 quibus
2117 1155 2357 1213 Apostolicae

1322 1217 1592 1261 Auctoritatis
1611 1214 1875 1262 fundamenta
1892 1215 2126 1261 convellant
2138 1245 2150 1257 .
2187 1215 2269 1258 Sed
2284 1228 2357 1256 eos

1320 1277 1547 1330 certe,Deo
1559 1274 1718 1318 caulam
1737 1274 1842 1318 suam
1857 1286 2143 1332 propugnante
2157 1304 2173 1326 ,
2199 1273 2358 1317 &irriti

1311 1337 1472 1381 -laboris
1484 1335 1705 1391 poenitebit
1721 1336 1762 1377 δι
1777 1338 2021 1379 temeritatis
2038 1336 2164 1376 etiam
2187 1333 2358 1390 pudebit

1322 1394 1560 1452 aliquand03
1577 1395 1758 1438 Romana
1771 1395 1880 1436 enim
1898 1394 2066 1450 Religio
2078 1394 2115 1436 ei
2132 1390 2358 1435 firmiffimae

1324 1466 1448 1512 petrae
1462 1453 1652 1496 innititur
1665 1480 1680 1503 ,
1691 1466 1813 1508 quam
1831 1449 2053 1495 inferorum
2068 1452 2248 1494 omniurn
2262 1464 2359 1494 con.

1323 1515 1455 1557 citatae
1492 1511 1598 1555 acies
1623 1504 1859 1554 exscindere
1888 1524 2088 1567 nunquam
2118 1520 2315 1566 poterunt
2343 1538 2356 1551 .

1326 1575 1485 1616 Tamen
1502 1569 1633 1612 Nobis
1656 1570 1765 1611 omni
1789 1583 1869 1625 ope
1885 1569 2184 1624 providendum
2202 1567 2280 1611 effe
2296 1569 2360 1610 in-

1315 1629 1566 1685 telligimus,
1581 1638 1624 1668 ut
1638 1627 1810 1671 nefarios
1829 1629 2050 1683 impietatis
2065 1637 2236 1673 conatus
2248 1640 2359 1670 com·-

1327 1689 1562 1748 primamus,
1574 1696 1700 1743 atque
1713 1688 1736 1730 ὲ
1750 1684 1955 1743 sacrilegis
1974 1687 2255 1731 haereticorum
2271 1699 2360 1727 ma-

1329 1748 1444 1792 nibus
1462 1745 1637 1804 gladios,
1648 1745 1856 1788 Catholici
1870 1745 2082 1802 Sanguinis
2094 1747 2273 1790 sitientes
2286 1758 2361 1787 ex-

1330 1818 1617 1863 torqueamus.
1652 1805 1734 1846 Etst
1757 1806 1868 1847 enim
1891 1806 2069 1847 coelestis
2093 1806 2284 1861 potentiae
2300 1805 2360 1846 vis

1333 1863 1567 1909 mortalium
1582 1863 1739 1907 auxiliis
1756 1877 1834 1905 non
1850 1875 1945 1920 eget
1961 1864 2012 1907 ad
2036 1865 2207 1909 hostium
2231 1864 2363 1919 legio·

1333 1938 1404 1968 nes
1430 1922 1631 1971 delendas
1652 1950 1667 1975 ,
1710 1923 1844 1978 placet
1874 1933 2010 1967 tamen
2037 1923 2239 1968 miserenti
2269 1926 2361 1966 Deo

1332 1987 1421 2027 Nos
1443 1982 1568 2026 etiam
1591 1995 1758 2036 operam
1786 1981 2102 2039 industriamque
2119 1983 2292 2024 nostram
2308 1981 2360 2025 ad

1331 2041 1533 2099 publicam
1544 2039 1712 2083 stilutem
1724 2037 1917 2084 conferre
1931 2069 1943 2092 ‚
1959 2052 2003 2083 ut
2018 2069 2032 2092 ,
2047 2055 2136 2098 quae
2147 2043 2274 2084 Nobis
2288 2041 2363 2084 be-

1333 2097 1477 2144 neficia
1498 2099 1612 2142 ultro
1636 2099 1847 2143 delaturus
1862 2099 1918 2142 est
1933 2129 1948 2152 ,
1975 2114 2023 2142 ea
2041 2098 2265 2157 promereri
2290 2101 2364 2144 ali-

1318 2173 1410 2217 qua
1442 2158 1584 2202 saltem
1613 2172 1663 2202 ex
1689 2169 1808 2214 parte
1842 2158 2052 2203 videamur
2064 2190 2078 2200 .
2120 2163 2211 2210 Nos
2230 2159 2325 2202 ideo
2346 2188 2363 2213 ,

1333 2217 1553 2274 quos,licet
1567 2217 1725 2261 meritis
1737 2218 2081 2274 impares,Divina
2096 2218 2364 2264 Providentia

1333 2276 1568 2320 Christianae
1586 2276 1836 2332 Reipublicae
1849 2276 2053 2332 praefecit,
2067 2277 2208 2323 oculos
2226 2277 2365 2323 Pasto-

1334 2334 1432 2379 ralis
1444 2333 1725 2378 sollicitudinis
1752 2334 1890 2378 nostrae
1917 2336 1957 2378 in
1974 2336 2234 2381 Germaniam
2260 2336 2363 2394 jam-

1337 2392 1493 2451 pridem
1508 2394 1787 2437 convertimus
1799 2422 1810 2434 .
1822 2395 2124 2449 ingemiscimus
2139 2392 2232 2436 sane
2244 2423 2259 2446 ‚
2270 2409 2362 2438 cum

1335 2454 1376 2496 in
1393 2467 1441 2496 ea
1457 2452 1775 2508 Provincia2quae
1790 2453 2031 2497 Nobilitatis
2049 2454 2302 2496 domicilium
2323 2456 2363 2496 &

1336 2511 1501 2567 Imperii
1517 2509 1630 2554 sedes
1644 2510 1700 2553 est
1714 2537 1729 2560 a
1759 2512 1937 2556 haeretici
1952 2526 2035 2554 uon
2051 2512 2175 2556 solum
2191 2513 2258 2556 libi
2274 2526 2364 2570 per.

1342 2569 1499 2626 fugium
1522 2568 1803 2627 quaefiverint,
1829 2569 1897 2612 sed
1923 2585 2038 2614 arces
2064 2572 2183 2614 etiam
2199 2600 2214 2622 ,
2241 2585 2366 2628 atque

1340 2630 1493 2685 Regias
1507 2629 1850 2673 communiverint
1865 2642 1884 2681 3r
1912 2633 2055 2685 Nuper
2076 2641 2216 2673 autem
2242 2634 2293 2675 εὸ
2307 2645 2367 2673 ar.

1342 2689 1532 2745 rogantia
1544 2690 1807 2743 pervenerint
1818 2714 1832 2736 a
1859 2698 1902 2731 ut
1917 2703 2057 2744 parum
2082 2689 2162 2731 illis
2180 2688 2303 2734 visum
2319 2691 2368 2733 fit

1340 2750 1511 2791 Oceano
1523 2746 1724 2803 &alpibus
1739 2747 1813 2793 suae
1827 2746 1938 2803 spem
1948 2748 2113 2791 ditionis
2127 2750 2366 2801 terminare,

1329 2805 1409 2851 sed
1427 2806 1586 2851 ltaliam
1599 2807 1870 2861 cogitaverint
1887 2834 1900 2857 ‚
1913 2808 1950 2848 δι
1964 2806 2186 2852 Catholico
2200 2808 2367 2852 Nomini

1339 2866 1508 2909 exitium
1522 2863 1715 2910 meditati
1729 2863 1799 2907 sint
1816 2893 1827 2905 .
1842 2868 1950 2908 Cum
1966 2869 2068 2910 vero
2082 2880 2151 2909 eos
2174 2867 2367 2909 divinitus

1347 2923 1512 2968 victoria
1529 2922 1734 2978 Pragenlis
1750 2923 1837 2967 fere
1852 2925 2133 2981 profligaverit
2148 2954 2161 2975 ,
2174 2925 2224 2967 eii
2241 2926 2367 2967 modo

1342 2995 1484 3039 parum
1508 2980 1712 3036 sapienter
1738 2996 1784 3024 ac
1802 2983 1981 3026 feliciter
2009 2983 2286 3026 utiCatholici
2311 2984 2370 3026 vi·

1353 3041 1579 3088 detentat,
1606 3039 1672 3083 nisi
1694 3039 1883 3084 desertor
1910 3042 2117 3087 Palatinus
2141 3043 2271 3085 aliena
2290 3044 2370 3085 Re.

1352 3113 1429 3155 gna
1453 3098 1650 3143 invadens
1670 3099 1724 3141 de
1751 3097 1814 3141 sua
1830 3114 1993 3156 quoque
2005 3100 2164 3143 ditione
2177 3100 2371 3146 deturbe.

1350 3169 1441 3203 tur.
1470 3157 1572 3200 lnde
1587 3158 1696 3199 enim
1719 3159 1930 3203 maximum
1946 3157 2165 3201 Catholicae
2181 3159 2369 3203 Ecclefiae

1347 3217 1489 3266 decus,
1500 3227 1622 3270 atque
1636 3215 1875 3260 beneficium
1895 3218 2198 3273 comparabitur
2209 3245 2223 3267 ,
2239 3221 2264 3260 fi
2280 3222 2369 3262 Cae-

1351 3274 1446 3318 saris
1461 3274 1642 3329 eligendi
1664 3271 1751 3331 fus,
1777 3276 1884 3333 quod
1902 3276 1958 3318 illi
1977 3279 2245 3332 Imperatoria
2275 3293 2369 3335 pro-

1352 3333 1568 3390 scriptione
1581 3333 1818 3390 ademptum
1833 3335 1906 3386 est,
1922 3335 2161 3379 catholicus
2173 3338 2369 3395 Princeps

1346 3391 1610 3448 adipiscatur.
1623 3395 1777 3448 Quanti
1796 3395 1836 3437 id
1851 3393 1965 3438 Sedis
1976 3394 2215 3450 Apostolicae
2230 3398 2270 3441 δι
2282 3399 2368 3440 Ro-

1345 3452 1453 3494 mani
1473 3452 1639 3506 Imperii
1654 3453 1827 3505 intersit,
1846 3466 1926 3495 non
1942 3454 2167 3509 ignoramus
2180 3483 2195 3506 ‚
2207 3470 2251 3499 ac
2267 3471 2369 3512 prae-

1351 3520 1540 3566 potentes
1568 3510 1850 3555 haercticorum
1866 3513 2000 3556 Duces
2030 3513 2179 3559 obnixi:
2201 3517 2370 3559 omnia..

1333 3568 1522 3612 *facturos
1547 3569 1718 3612 credere
1741 3569 1966 3627 possumus,
1990 3586 2043 3615 ne
2070 3573 2136 3616 fibi
2161 3584 2282 3616 tantae
2306 3575 2370 3616 di-

1350 3628 1517 3685 gnitatis
1555 3630 1769 3673 auctoritas
1804 3630 2000 3687 eripiatur
2026 3661 2037 3673 .
2073 3632 2247 3675 Proinde
2282 3632 2368 3674 asli-

1349 3687 1440 3730 duis
1453 3687 1643 3743 precibus
1657 3689 2028 3735 Misericordiarum
2039 3693 2202 3734 Patrem
2212 3703 2370 3744 gemen.

1353 3756 1416 3789 tes
1431 3760 1615 3801 rogamus
1629 3776 1643 3798 ,
1668 3758 1713 3789 ut
1729 3750 1927 3806 propitius
1954 3750 2118 3796 tandem
2134 3749 2372 3805 periclitan-

1355 3804 1387 3849 ti
1399 3807 1587 3849 Ecclefiae
1601 3804 1674 3851 sua:
1686 3809 1820 3854 Bonos
1834 3821 1976 3853 omnes
2004 3809 2103 3853 tanti
2119 3806 2303 3907 benepcii
2316 3803 2372 3852 fe.

2242 3879 2312 3909 ici-
