2618 4108
921 185 1647 270 Panormitana.

2101 200 2254 304 165

318 303 364 341 Ee
377 301 597 352 desiderantes
618 301 803 352 Celfiffimus
822 298 1013 339 Marc-hio
1037 300 1150 336 Comes
1172 300 1336 337 Hieracis
1369 303 1410 342 ὼ·
1433 300 1724 349 Excellencffimus
1747 299 1913 349 Princeps
1952 298 2149 348 Palagom'ae
2166 306 2221 341 uti
2237 306 2321 346 Pro.·

221 351 358 391 tet'iores
378 352 543 388 difflarum
558 351 743 400 Virginum
767 350 1020 398 Capacinarum
1040 349 1298 385 conviventium
1317 349 1356 383 in
1380 350 1499 385 devoto
1517 349 1711 397 Reclusorio
1725 349 1902 385 licentiam
1931 348 2123 396 aedificandi
2148 352 2256 389 Mona
2283 366 2321 394 ε.Ι

221 403 312 438 rium
329 425 343 444 ,
365 412 437 436 eam
449 400 677 438 obtinuerunt
701 399 722 437 ὰ
738 397 894 450 praediffo
912 394 1196 447 Reverendiffimo
1211 397 1252 435 de
1268 395 1384 435 Sidoti
1402 399 1441 435 in
1455 398 1549 448 dorso
1573 409 1687 436 eorum
1699 395 1942 439 memorialis
1957 398 2027 446 sub
2052 397 2110 436 die
2134 409 2195 449 27.
2207 352 2320 449 <Alig-

228 458 329 497 ¹723·
358 448 502 498 ubifuit
522 449 646 487 dietum
662 474 674 485 .

1189 497 1363 547 Poffint
1388 498 1591 548 Servatis
1620 496 1865 547 Servandis
1881 530 1898 548 .

327 617 374 654 Et
405 617 489 654 data
521 626 584 666 per
607 613 851 665 Illustrtffimnm
873 624 912 649 ac
931 611 1251 662 Reverends‘ffimum
1283 616 1329 654 D.
1352 614 1664 663 2Archteptscopum
1696 614 1908 663 commiffione
1931 613 2014 653 attio
2049 615 2093 654 P.
2115 615 2285 665 Angelico
2299 640 2316 663 ‚

222 663 415 702 Fun-datori
435 665 517 702 ditia·
529 663 757 714 monasterii
769 687 783 706 ,
808 662 1029 698 benedicendi
1043 663 1212 711 Capellam
1231 666 1408 714 praesatam
1422 687 1436 710 ,
1451 664 1530 715 fuit
1556 663 1599 704 ὠ·
1618 663 1679 700 hoc
1692 664 1858 713 expletum
1872 686 1886 708 ‚
1903 672 2011 712 prout
2029 674 2093 715 per
2109 663 2215 712 fidem
2230 666 2318 714 dieti

219 713 264 754 P.
281 714 443 762 Angeliei
454 714 678 764 subfiriptam
691 711 760 760 sub
780 711 837 748 die
857 723 912 760 29·
936 711 1056 760 April.
1080 722 1182 759 1725.
1199 721 1300 762 patet
1313 739 1323 751 .

215 951 550 1002 Sanfiiffimum
579 953 860 1003 Eucharistiae
889 957 1233 1006 Sacramentum

225 1071 228 1088 ζ
281 1023 328 1071 in
360 1021 580 1090 Hospitio
610 1026 720 1073 Loci
749 1028 796 1074 S.
823 1024 1040 1083 cataldi,
1070 1026 1233 1076 duran-

283 1107 328 1142 te
350 1090 548 1152 fabricii,
579 1093 791 1144 asservari
815 1091 936 1161 poffe
963 1095 1198 1146 concedit.

255 1261 304 1315 ζΑ
320 1265 463 1313 tergo:
501 1253 716 1300 Venerabili
731 1258 875 1299 Fratri
890 1257 1180 1317 Archteptscopo

585 1317 856 1358 Panormitano

208 1446 767 1501 BENEDICTUS
819 1447 1025 1499 PAPA
1075 1452 1231 1500 XIII.

181 1636 187 1640 ,
242 1590 471 1635 Venerabilis
500 1593 645 1635 Frater
662 1588 832 1642 salutem
861 1589 915 1639 ὠν
943 1567 1200 1648 Apastolicam

221 1663 225 1666 ’
551 1646 853 1691 Βεηεᾰίξίὶοησηι
869 1675 881 1689 .

307 1773 440 1830 Xponi
461 1773 587 1817 Nobis
613 1786 743 1829 nuper
766 1772 864 1816 fecit
887 1773 1067 1816 Dilet‘tus
1097 1774 1223 1818 Filius

337 1835 421 1875 Leo
435 1835 458 1877 ὲ
473 1834 616 1874 Sotera
637 1832 983 1874 Ex-Provincialis
1004 1835 1228 1876 Provinciae

203 1890 492 1934 Panormitanae
508 1889 672 1930 Ordinis
690 1891 875 1932 Fratrum
903 1893 1109 1932 Minorum
1124 1898 1228 1941 San-r

202 1947 254 1991 eti
285 1946 481 1992 Francisci
515 1947 815 2002 Capucinorum
864 1960 1188 2002 nuncupatorum
1212 1978 1228 2002 ‚

201 2007 310 2064 quod
324 2034 339 2057 ‚
352 2020 440 2048 cum
466 2004 546 2061 ipse
574 2006 613 2046 in
629 2008 737 2047 Loco
767 2010 808 2049 S.
824 2006 986 2051 Cataldi
1010 2007 1228 2064 ejusdem,

199 2065 422 2110 Provinciae
451 2077 623 2106 unacum
651 2066 743 2106 ocio
760 2065 971 2121 Religiolis
987 2067 1081 2107 dicti
1099 2068 1225 2108 Ordi-
1280 2082 1282 2084 ¹

201 2125 264 2168 nis
280 2125 328 2167 ad
343 2124 528 2166 effectum
546 2121 739 2165 affistendi
753 2121 980 2167 fundationi
999 2126 1112 2167 unius
1127 2130 1222 2170 novi

203 2180 444 2226 Conventus
475 2180 705 2236 reperiatur
727 2207 742 2230 2
775 2182 911 2237 ibique
941 2185 982 2226 in
1008 2185 1223 2239 quodam..-
1301 2199 1304 2201 ’

202 2239 391 2295 Hospitio
420 2240 704 2294 permanentiae
718 2247 1017 2291 commoretur,
1056 2242 1186 2284 donec
1212 2272 1227 2295 ‚

203 2301 244 2340 δε
260 2297 465 2355 quousque
486 2295 636 2339 fabrica
659 2296 774 2352 ipfius
789 2298 1026 2341 Conventus
1043 2299 1224 2343 absoluta

206 2357 356 2405 fuerit,
385 2354 623 2398 facultatem
643 2355 848 2399 retinendi
875 2356 1038 2400 SSti'ium
1069 2359 1223 2400 Eucha-

203 2415 316 2459 ristiae
332 2417 636 2457 Sacramentum
661 2413 701 2454 in
728 2413 898 2469 Capella
917 2415 1096 2471 ejusdem
1122 2415 1225 2459 Hos-

202 2474 292 2532 pitii
314 2484 392 2515 tam
406 2486 481 2528 pro
498 2472 774 2527 praedidtorum
790 2473 1094 2528 Religiosorum
1109 2489 1224 2518 com-

204 2531 430 2582 moditate,
458 2544 502 2572 ac
521 2531 708 2586 spirituali
733 2529 1006 2576 consolatione
1023 2563 1036 2586 ‚
1066 2540 1223 2591 quartu
1290 2536 1310 2587 j'

202 2605 280 2648 pro
296 2590 402 2632 omni
420 2589 680 2638 necestitate,
706 2602 787 2643 quae
805 2590 1084 2647 intempestive
1100 2622 1115 2642 ,
1143 2594 1222 2633 live
1294 2620 1298 2624 »

202 2650 328 2693 noetis
356 2658 544 2703 tempore
571 2647 652 2689 illis
683 2649 922 2704 contingere
950 2651 1071 2706 polset
1090 2679 1101 2699 2
1130 2665 1221 2691 cum

203 2718 319 2751 extra
349 2706 501 2748 difflum
530 2708 681 2747 Locum
713 2706 878 2749 existant
902 2738 916 2760 ,
948 2710 1014 2751 fibi
1041 2711 1062 2751 a
1093 2710 1222 2751 Nobis

203 2764 376 2811 concedi
401 2763 620 2819 plurimum
639 2763 875 2813 desideret,
908 2769 1036 2809 Nobis
1054 2779 1222 2823 propte-

203 2839 272 2868 rea
287 2823 493 2865 humiliter
510 2822 724 2878 supplicari
743 2820 870 2873 fecit,
897 2835 940 2866 ut
960 2827 997 2865 in
1026 2824 1221 2877 praemiffis

202 2882 434 2940 opportune
460 2882 678 2936 providere
692 2879 746 2921 de
761 2880 1008 2935 benignitate
1022 2888 1054 2924 A
1059 2883 1225 2938 postoli-

201 2957 250 2985 ca
264 2941 523 2996 dignaremur
537 2969 549 2980 .

262 3003 349 3043 Nos
374 2998 498 3054 igitur
522 2997 646 3054 ipsum
679 3000 858 3040 Leonem
889 2999 1124 3052 specialibus
1149 3000 1226 3040 &c-

207 3058 421 3108 volentes,
446 3058 485 3097 δι
508 3058 532 3100 a
556 3055 763 3112 quibusvis
783 3057 857 3097 διε.
883 3057 1095 3100 censentes
1112 3086 1127 3107 ‚
1155 3059 1229 3098 hu-

205 3115 374 3170 jusmodi
406 3113 759 3169 supplicationibus
783 3114 965 3158 inclinati
981 3144 995 3166 ,
1021 3115 1074 3158 de
1090 3117 1227 3158 Vene-

207 3169 397 3216 rabilium
416 3175 599 3214 Fratrum
616 3172 855 3215 Nostrorum
884 3179 924 3217 S.
945 3177 996 3216 R.
1014 3176 1060 3215 Ε.
1076 3173 1227 3216 Cardi-

209 3231 362 3275 nalium
387 3231 559 3284 negotiis
582 3232 620 3271 δι
635 3230 995 3275 consultationibus
1012 3231 1229 3287 Episcopo-

203 3305 293 3334 rum
325 3291 365 3330 &
396 3288 663 3342 Regularium
702 3289 999 3344 praepofitorum
1029 3290 1192 3332 confilio
1212 3317 1228 3340 3

208 3347 475 3393 Fraternitati
491 3348 586 3388 Tuae
605 3359 677 3401 per
694 3349 905 3401 praesentes
931 3349 1223 3391 committimus

208 3410 248 3449 δι
261 3406 496 3449 mandamus
511 3434 526 3456 ,
552 3415 599 3446 ut
617 3407 723 3447 veris
745 3406 1003 3449 existentibus
1025 3408 1194 3450 narratis
1207 3435 1223 3459 ‚

208 3468 248 3506 δι
262 3464 481 3508 dummodo
498 3462 681 3518 praedic‘ta
694 3464 864 3519 Capella
881 3464 924 3506 fit
939 3466 1138 3508 decenter
1158 3480 1224 3507 or-

209 3535 301 3567 nata
317 3552 331 3575 ,
356 3523 593 3565 facultatem
610 3520 720 3577 juxta
738 3523 866 3578 petita
882 3525 1118 3568 auctoritate
1135 3527 1223 3568 No-

211 3582 286 3623 stra
300 3581 528 3638 Apostolica
544 3595 619 3635 pro
644 3591 715 3623 tuo
740 3581 906 3625 arbitrio
927 3585 966 3624 &
985 3583 1226 3625 conscientia

210 3641 451 3695 impertiaris
471 3669 485 3691 ,
515 3638 620 3682 salva
644 3649 779 3683 tamen
806 3641 961 3695 semper
977 3642 1013 3683 in
1027 3642 1223 3697 praemiffis

212 3697 451 3740 auctoritate
465 3699 808 3754 Congregationis
824 3700 1065 3743 eorumdem
1083 3699 1228 3742 Cardi-

209 3756 385 3799 nalium.
417 3760 512 3799 Non
538 3758 783 3801 obstantibus
800 3758 1161 3815 constitutionibus
1186 3760 1226 3801 &

1295 951 1630 995 Ordinationibus
1648 948 1888 1006 Apostolicis
1904 978 1920 1003 ‚
1951 949 2197 1006 coeterisque
2222 964 2322 994 con-

1294 1011 1434 1054 trariis
1450 1008 1788 1065 quibuscumque.

1354 1073 1501 1110 Datum
1526 1071 1662 1110 Romae
1685 1066 1792 1122 apud
1816 1069 1856 1109 S.
1872 1067 2042 1109 Petrum
2068 1066 2136 1109 sub
2156 1066 2322 1111 Annulo

1292 1127 1506 1171 Piscatoris
1532 1127 1599 1169 die
1628 1139 1747 1168 κνιι.
1782 1125 1923 1167 Martii
1950 1140 2181 1172 moccxxv.
2212 1129 2322 1180 Pon7

1292 1186 1465 1230 tificatus
1490 1186 1626 1230 Nostri
1640 1188 1759 1228 Anno
1781 1184 1940 1240 primo,

1767 1304 1812 1345 1².
1829 1301 1958 1347 Card.
1973 1300 2179 1346 oliverius
2193 1330 2208 1343 .

1351 1425 1408 1466 Ex
1424 1420 1542 1464 Arch.
1569 1424 1710 1464 Secret.
1741 1424 1856 1462 Brea.
1874 1420 2004 1478 Apost.
2023 1419 2178 1477 Regesto
2205 1421 2324 1482 mensi

1406 1481 1459 1530 ό*
1473 1485 1567 1522 anni
1582 1482 1712 1538 praed.
1723 1478 1806 1538 fol.
1827 1491 1921 1533 145.
2237 1492 2240 1495 ’

1297 1619 1528 1634 ——
1737 1619 2087 1636 ———
2090 1617 2322 1634 ——

1562 1717 1597 1758 E
1628 1682 1659 1759 Ρ
1695 1719 1712 1761 ι
1745 1685 1780 1761 ς
1805 1718 1842 1761 Τ
1873 1686 1917 1758 0
1943 1687 2047 1758 [Ἀ

1463 1843 1508 1894 S.
1526 1844 1729 1916 Congreg.
1745 1848 1881 1916 Epist.
1901 1879 1917 1903 ,
1937 1843 1993 1894 &⁹
2004 1806 2161 1912 Regul-

1288 1982 1566 2033 Instantibus
1591 1985 1790 2055 Josepho
1811 1989 1968 2038 Aliata
1989 1984 2192 2051 Principe
2221 1983 2325 2032 Vil-

1296 2058 1302 2062 ”
1356 2052 1573 2104 laefrancae
1589 2092 1605 2114 ‚
1632 2057 1678 2107 ὃ(
1698 2063 1847 2107 Maria
1871 2062 2003 2108 Anna
2021 2056 2177 2103 Aliata
2201 2054 2323 2103 Prin·

1295 2129 1301 2134 ’
1355 2124 1506 2192 cipiffa
1530 2132 1623 2189 ejus
1644 2132 1858 2198 Conjuge
1889 2129 1933 2177 in
1950 2123 2139 2176 Feudali
2155 2141 2321 2173 eorum

1355 2198 1504 2244 Terra
1542 2200 1655 2246 Salae
1697 2202 1968 2248 Parutarum
2010 2212 2180 2244 novam
2227 2199 2324 2243 Do-

1307 2313 1311 2316 .
1355 2282 1484 2314 mum
1513 2263 1593 2315 sub
1619 2268 1828 2336 expreffis
1866 2265 2207 2316 conditionibus
2237 2267 2326 2312 eri-

1353 2335 1401 2403 gi
1432 2371 1448 2392 2
1485 2335 1711 2405 Episcopo
1748 2334 2023 2387 Mazarienfi
2069 2335 2322 2395 οεοῐῐπιιίῑῑῐ-Δ

1355 2418 1463 2454 tur.

1398 2531 1712 2591 Reverendifflme
1739 2534 1910 2576 Domine
1934 2532 1998 2575 uti
2033 2535 2203 2576 Frater:

1401 2651 1488 2692 Irca
1504 2651 1706 2694 instantias
1725 2650 1764 2693 in
1784 2653 1856 2695 hac
1871 2653 1993 2693 Sacra
2009 2650 2316 2705 Congregatioa

1421 2723 1468 2750 ne
1490 2709 1542 2752 de
1557 2711 1763 2753 ereftione
1778 2707 2124 2752 noviconventfis
2142 2710 2219 2751 PP.
2235 2711 2319 2750 Ca-

1284 2768 1519 2822 pucinorum
1551 2769 1589 2810 in
1622 2770 1750 2810 Terra
1777 2769 1876 2811 Salae
1894 2771 2166 2818 parmarum,
2200 2765 2316 2808 Emi-

1286 2825 1512 2867 nentiffimo
1538 2829 1588 2866 D·
1609 2827 1832 2867 Cardmale
1854 2829 1972 2868 Petra
2001 2829 2186 2868 ponente
2210 2852 2223 2875 ,
2255 2823 2316 2865 fa-

1288 2885 1368 2923 cias
1382 2913 1396 2934 ‚
1421 2888 1510 2926 Sac.
1524 2884 1805 2937 Congregatio
1819 2884 1995 2938 benigne
2011 2885 2149 2926 annuit
2163 2885 2202 2924 δι
2215 2896 2316 2928 cone

1287 2940 1399 2982 cedit
1413 2941 1687 2996 Amplit.Tuae
1702 2942 1938 2985 facultatem
1952 2942 2101 2984 dictum
2119 2945 2318 2985 Conven-

1289 3007 1375 3040 tum
1394 3000 1605 3054 erigendi,
1633 3000 1857 3043 dummodo
1869 3001 2062 3055 Religiofi
2084 2998 2178 3040 difti
2206 2999 2245 3039 in
2266 2997 2315 3039 il-

1291 3057 1373 3098 lum
1400 3072 1477 3099 non
1505 3059 1812 3099 introducantur
1834 3089 1849 3110 ,
1880 3060 1976 3114 quin
2011 3057 2120 3111 prius
2152 3055 2191 3097 id
2223 3055 2314 3110 ipfis

1287 3116 1337 3158 ab
1353 3116 1680 3158 Eminentiffimis
1701 3117 1880 3158 Dominis
1907 3114 2030 3158 fuerit
2053 3111 2280 3169 permiffum
2295 3143 2308 3154 .

1288 3174 1340 3216 Hi
1370 3175 1477 3216 enim
1503 3173 1719 3216 terminata
1749 3173 1868 3216 semel
1891 3173 2131 3216 Conventus
2161 3171 2311 3214 fabrica

1288 3229 1496 3276 informari
1508 3234 1675 3287 cupiunt
1686 3259 1701 3282 a
1718 3245 1768 3273 an
1783 3231 1994 3273 aedificium
2009 3231 2158 3274 habeat
2173 3231 2310 3274 omnia

1289 3292 1500 3334 commoda
1530 3294 1569 3332 δι
1601 3290 1783 3344 requifita
1813 3287 2055 3341 necessaria,
2089 3289 2142 3332 de
2169 3289 2310 3344 quibus

1285 3348 1356 3392 suo
1383 3357 1572 3405 tempore
1596 3348 1762 3404 Amplit.
1782 3349 1872 3390 Tua
1888 3347 2130 3392 relationem
2155 3349 2309 3394 dare-a

1283 3407 1475 3450 debebit.
2282 3440 2285 3443 ,

1343 3468 1391 3507 In
1410 3469 1593 3510 Decreto
1614 3472 1751 3509 tamen
1767 3479 1880 3509 novae
1900 3467 2117 3511 erectionis
2134 3480 2213 3510 non
2234 3465 2309 3509 de-“

1283 3524 1354 3566 bet
1383 3526 1597 3582 approbari
1628 3525 1826 3581 obligatio
1852 3527 1873 3568 ἑ
1901 3527 2092 3583 Principe
2121 3528 2162 3568 &
2190 3526 2307 3567 Prin-

1285 3581 1416 3637 cipiffa
1461 3584 1576 3626 Villae
1616 3585 1774 3626 Francae
1810 3612 1824 3635 ‚
1866 3584 1977 3628 illius
2016 3586 2116 3628 Loci
2157 3587 2306 3628 Patro-

1282 3642 1369 3693 nis,
1384 3642 1488 3684 circa
1507 3641 1758 3685 succeffivam
1773 3644 2099 3688 sustentationem
2112 3647 2306 3687 Conven-

1287 3700 1351 3742 tus
1366 3729 1380 3752 ,
1406 3703 1444 3742 &
1461 3699 1758 3756 Religiosorum
1778 3701 1867 3745 casu
1887 3703 2212 3760 quoquaestuatio
2232 3699 2307 3741 dee

1285 3755 1447 3812 ficeret,
1463 3758 1562 3803 fana
1576 3786 1591 3812 ,
1603 3773 1694 3802 cum
1710 3760 1904 3821 Religiofi
1919 3761 2118 3819 Capucini
2135 3789 2149 3811 ‚
2175 3756 2308 3801 altim-

2141 3830 2247 3858 mam
