2618 4108
802 230 1715 348 monferratensis.

187 349 390 403 emerit03
416 347 622 407 Nobisque
642 362 694 392 ex
721 348 903 406 pluribus
919 349 1048 392 titulis
1063 349 1204 404 gratis-

186 410 449 463 simo,eertius
470 411 510 451 δι
523 409 730 453 cumulate
744 406 954 451 affuturam
969 408 1096 451 Nobis
1114 409 1204 463 pol-

185 469 385 512 licemur.
416 468 545 527 Qud
571 467 772 525 superest,
798 468 960 508 Patrem
976 465 1204 510 misericor-

165 527 379 579 diarum,
407 530 541 569 Deum
571 528 696 570 totius
721 524 1038 577 consolationis,
1063 539 1109 567 ac
1129 527 1203 568 bo-

184 600 331 630 norum
354 600 524 643 operum
543 586 853 629 Retributorem
879 584 1059 640 impense
1084 598 1204 641 roga-

186 659 302 698 mus,
330 655 376 689 ut
393 646 478 702 pios
506 655 597 690 tuos
624 644 812 689 labores,
842 640 996 692 solida,
1022 645 1062 684 δι
1083 642 1203 699 longi

187 703 398 761 utriusque
421 704 593 746 hominis
611 701 809 746 felicitate
831 699 1093 757 compensare
1107 730 1123 754 ,
1153 715 1201 745 ac

185 763 237 805 ad
257 762 487 807 Catholicae
501 761 616 805 Fidei
640 757 862 816 praefidium
886 758 956 802 diu
981 756 1205 816 sospitem„

188 823 252 864 Te
267 820 510 866 conservare
522 818 716 876 dignetur
728 846 741 859 .
779 820 934 860 Datum
947 820 1088 861 Romae
1101 818 1206 874 apud

187 882 375 923 Sanctam
396 877 573 923 Mariam
589 877 788 934 Maiorem
807 875 878 919 sub
894 878 1061 921 Annulo
1075 877 1206 919 Pisca-

187 938 288 980 tori·
302 937 372 980 die
392 950 426 980 ι.
451 937 561 994 Junii
584 949 811 980 Mocxxvt.
840 934 1103 981 Pontificatus
1118 939 1206 980 Νο-

184 994 252 1038 stri
269 997 391 1038 Auno
412 996 565 1039 tortio.
715 1009 720 1015 ·

246 1108 308 1149 Ex
325 1105 495 1149 Archino
508 1108 661 1147 Secreto
682 1105 863 1149 Vaticano
879 1103 963 1153 &a

456 1322 493 1364 Ε
523 1321 557 1365 Ρ
585 1320 606 1362 1
636 1321 665 1362 S
696 1320 733 1362 T
763 1321 804 1366 Ο
833 1321 868 1363 L
897 1320 935 1361 A

356 1427 403 1480 S.
430 1427 629 1498 Congreg.
654 1427 794 1496 Epist.
815 1427 871 1477 Φ
886 1426 1042 1497 Regul.

166 1543 171 1611 J
183 1548 465 1601 Sententiam
503 1566 589 1617 pro
626 1546 853 1598 eretstione
897 1545 1037 1597 nostri
1081 1549 1208 1597 Con-

174 1619 176 1621 ’
251 1614 414 1670 ventiis
445 1621 493 1668 in
526 1623 653 1669 Loco
690 1618 869 1668 Montis
898 1619 1038 1668 Calvi
1071 1617 1098 1665 ὲ
1131 1613 1206 1672 se„-

247 1691 425 1748 -latam,
453 1687 702 1757 Episcopus
722 1689 882 1754 exequi
900 1686 1116 1752 jubetur,
1141 1705 1207 1736 ra·

251 1758 457 1809 tionibus
484 1762 595 1810 RR.
615 1761 705 1810 PP.
729 1755 1090 1811 Observantium
1116 1774 1208 1808 non

254 1827 533 1880 obstantibus
551 1865 564 1880 .

187 1947 356 2007 1111:stsz
369 1975 384 2000 ‚
411 1947 462 1996 θ’
476 1947 592 1991 Adm.
610 1950 705 1991 Rev.
725 1948 893 1990 Domine
905 1976 922 1999 ,
950 1949 1014 1991 uti
1035 1950 1183 1992 Frater
1195 1976 1208 1989 .

302 2054 396 2097 ΠΜ
422 2050 472 2092 ad
498 2049 740 2092 relationem
770 2049 1017 2093 Illustrifflmi
1045 2051 1210 2095 Domini

315 2109 396 2153 mei
415 2107 648 2152 Cardinalis
661 2107 913 2160 Rivarola‚in
932 2112 1212 2166 sac-Congre-

183 2173 354 2227 gatione
370 2167 544 2211 rationes
572 2180 646 2222 pro
670 2177 792 2222 parte
809 2169 886 2209 FF.
903 2166 958 2210 Mi
966 2181 1110 2210 norum
1123 2170 1210 2213 Ob-

183 2228 431 2271 servantium
447 2228 486 2268 S.
507 2222 704 2268 Francisci
719 2225 821 2268 Loci
842 2224 995 2268 Montis
1021 2226 1143 2270 Calvi
1160 2228 1210 2271 il-

182 2286 260 2330 lius
277 2285 417 2328 Dioec.
433 2282 483 2326 ad
499 2281 811 2340 impugnandam
834 2284 1084 2331 erectionem
1097 2290 1211 2331 Con·

184 2342 330 2387 ventiis
346 2342 650 2398 Capucinorum
666 2341 706 2383 in
720 2341 868 2384 eodem
887 2345 1000 2386 Loco
1011 2341 1211 2396 deductae‚

183 2400 347 2447 fuissent
374 2401 610 2448 examinatae
628 2429 645 2451 ,
671 2397 920 2444 lllustriffimi
939 2401 1103 2444 Domini
1129 2403 1210 2447 mei

182 2459 475 2512 resolverunt,
498 2459 607 2516 quod
630 2457 801 2513 Amplit.
820 2462 905 2503 Tua
929 2458 1168 2505 sententiam
1189 2463 1211 2504 a
1232 2473 1233 2476 ’

188 2519 283 2563 sein
302 2518 483 2563 favorem
496 2518 801 2574 Capucinorum
826 2518 948 2561 latam
972 2520 1118 2576 exequi
1142 2534 1212 2566 va·

185 2578 272 2622 leat
286 2607 299 2619 .
313 2580 376 2621 Ita
397 2574 518 2620 faciat
537 2578 603 2629 ‚&
617 2578 727 2619 Deus
742 2589 831 2620 eam
849 2576 1067 2636 praeservet
1082 2608 1096 2620 .
1125 2581 1214 2622 Ro-

187 2651 260 2685 111ae
279 2635 453 2692 16.Ju1ii
477 2639 602 2689 1624.
636 2680 639 2685 ,
739 2694 858 2749 Cap-d
896 2695 1110 2748 Bandinus

246 2814 422 2869 Exempl.
447 2814 492 2854 in
513 2812 634 2856 Arc-b.
651 2815 749 2858 Gen.
771 2815 866 2861 Ord.
883 2818 998 2859 Arm.
1019 2813 1212 2860 Custodia

306 2869 642 2935 Monferratenfls
659 2902 673 2915 .

190 3111 497 3179 'Reliquiaria,
511 3123 590 3160 aut
605 3111 688 3161 SS.
702 3110 940 3178 Reliquias
956 3110 982 3159 a
995 3108 1215 3159 Maximi·

263 3182 388 3232 liano
405 3182 605 3231 Bavariae
620 3184 749 3230 Duce
763 3216 779 3238 ‚
795 3179 845 3232 δ(
862 3182 1024 3249 S.R.J.
1044 3179 1215 3230 Princi-

261 3247 1217 3318 peEleRoreAEcclefiisDomuumCasalen-

263 3320 397 3379 fis‚&
414 3322 571 3372 Terrae
590 3323 638 3370 S.
649 3320 898 3371 salvatoris
911 3320 1098 3371 donatas
1115 3319 1218 3369 inde

261 3393 468 3451 extrahi,
498 3386 819 3442 Ecclefiasticis
841 3388 1039 3442 censuris
1060 3403 1189 3441 vetat
1204 3425 1218 3440 .

196 3520 679 3576 URBANUS
742 3522 971 3571 PAPA
1024 3522 1220 3572 VIII.

400 3639 468 3682 Ad
474 3636 668 3698 futuram
687 3640 748 3680 rei
768 3639 992 3681 memoriam
1003 3666 1016 3680 .

317 3757 396 3800 Um
412 3783 428 3808 ‚
452 3755 550 3799 licut
568 3770 697 3812 nuper
710 3771 783 3813 pro
802 3763 920 3813 parte
938 3756 1220 3799 Dilectorum..

313 3813 526 3918 Ίξίῐὶοῧιιω
543 3815 765 3860 Guardiani
783 3843 799 3868 ‚
827 3818 867 3873 βε
883 3818 1070 3860 Fratrum
1087 3815 1219 3865 Mino-

346 3886 418 3915 om.
497 3901 507 3914 .

2069 246 2238 352 289

1266 365 1355 395 rum
1372 352 1537 394 Ordinis
1553 357 1592 396 S.
1613 353 1811 397 francisci
1821 352 2125 410 Capncinorum
2139 370 2293 399 nuncu-

1265 410 1627 466 patorum‚Domtis
1643 414 1856 467 Regularis
1869 412 2055 456 Casalen.
2071 441 2087 465 ,
2100 415 2140 455 δι
2158 416 2294 457 Terrae

1263 474 1305 513 S.
1321 470 1547 513 salvatoris
1574 473 1737 527 Papien.
1755 473 1933 515 Dioecess
1950 474 2171 528 expolitum
2190 473 2264 515 suit
2276 500 2292 522 ,

1264 526 1447 571 Dilefiius
1472 528 1597 571 Filius
1611 557 1626 582 ,
1653 531 1813 574 Nobilis
1830 531 1906 573 Vir
1921 560 1936 580 ,
1962 531 2263 574 Maximilianus
2277 560 2293 583 ‚

1266 587 1359 628 Dux
1376 586 1550 629 Bavaria:
1562 613 1577 636 ‚
1592 589 1702 630 Sacri
1718 590 1893 632 Rotnani
1912 590 2076 645 Imperii
2092 590 2291 647 Princeps

1266 644 1457 693 ΕΙσέὶοτ,
1482 644 1677 688 Ecclesiis
1695 649 1918 691 Domorum
1934 648 2199 703 Regularium
2218 650 2292 691 hu-

1264 701 1435 760 jusmodi
1461 699 1527 744 sex
1544 703 1800 759 Reliquiaria
1818 720 1869 748 ex
1884 707 2040 748 hebano
2053 737 2068 757 ,
2094 709 2135 749 &
2156 707 2293 763 lapide

1265 759 1498 815 serpentino
1521 760 1729 814 confecta,
1757 766 1936 820 quinque
1954 765 2092 819 palmis
2114 765 2195 807 alta
2211 793 2226 816 ‚
2252 767 2292 806 &

1270 819 1392 862 variis
1407 821 1645 862 Sanctorum
1656 849 1670 871 ,
1702 831 1747 864 ut
1762 822 1826 876 pie
1841 821 2052 874 creditur,
2084 824 2288 880 Reliquiis

1266 874 1448 936 referta,
1464 891 1539 919 nec
1556 892 1636 920 non
1652 878 1719 921 sex
1733 881 1880 936 Capita
1892 910 1907 932 ,
1924 891 1966 921 ut
1984 884 2106 923 etiam
2123 882 2187 937 pie
2199 895 2294 924 cre-

1266 935 1408 987 ditur,
1432 935 1644 992 Virginum
1661 936 1855 982 sociarum
1880 945 1922 982 S·
1941 939 2096 981 Ursulae
2109 942 2293 983 donave-

1266 995 1320 1037 rit
1333 1022 1348 1045 ,
1373 997 1459 1037 Nos
1476 994 1821 1052 Reliquiariorum
1834 1025 1850 1050 ,
1863 999 1901 1040 &
1919 998 2199 1054 Reliquiarum
2215 1000 2293 1041 hu-

1266 1051 1438 1111 jusmodi
1456 1053 1779 1105 conservationi,
1794 1066 1984 1112 quantum
1999 1069 2092 1098 cum
2109 1057 2291 1100 Domino

1267 1110 1468 1168 possumus
1481 1138 1496 1161 ‚
1510 1112 1685 1170 benigne
1701 1114 1914 1157 consulere
1930 1114 2111 1158 volentes
2121 1141 2136 1165 ,
2154 1114 2295 1156 dictos-

1266 1184 1346 1226 que
1363 1171 1624 1225 Exponentes
1639 1169 1876 1228 specialibus
1892 1170 2098 1216 favoribus
2112 1198 2127 1221 ‚
2149 1174 2188 1213 &
2202 1187 2295 1228 gra-

1266 1230 1335 1272 tiis
1367 1227 1552 1285 prosequi
1581 1230 1767 1273 volentes
1788 1260 1800 1284 ,
1830 1234 1867 1274 &
1900 1246 2040 1274 eorum
2074 1230 2294 1286 fingulares

1267 1286 1455 1345 personas
1481 1290 1504 1331 a
1533 1288 1733 1344 quibusvis
1760 1290 2191 1333 excommunicationis
2209 1292 2291 1331 &c-

1267 1346 1466 1390 absolutas
1481 1344 1570 1388 fore
1585 1347 1798 1391 censentes
1811 1378 1825 1402 ,
1846 1349 2206 1405 supplicationibus
2220 1363 2296 1391 eo-

1268 1405 1455 1449 rumdem
1480 1407 1782 1460 Exponentium
1814 1409 1976 1450 nomine
2003 1408 2132 1451 Nobis
2175 1406 2295 1463 supet·

1271 1466 1348 1507 hoc
1366 1463 1579 1509 humiliter
1602 1468 1796 1522 porrectis
1818 1467 2033 1517 inclinati,
2064 1480 2114 1509 ne
2149 1465 2202 1508 de
2218 1480 2295 1508 cae-

1267 1534 1360 1567 tero
1372 1521 1592 1580 quisquam,
1606 1526 1744 1580 quavis
1757 1526 2008 1570 authoritate
2023 1523 2296 1581 fungens,Re-

1267 1583 1449 1638 liquiaria
1463 1610 1480 1632 ,
1504 1583 1542 1623 &
1563 1583 1770 1639 Reliquias
1783 1614 1799 1635 ,
1824 1599 1871 1627 ac
1887 1584 2035 1639 Capita
2048 1582 2295 1640 hujusmodi,

1264 1651 1333 1685 aut
1346 1640 1523 1696 aliquam
1537 1654 1675 1683 earum
1690 1653 1850 1697 partem
1865 1643 2085 1686 extrahere
2101 1669 2116 1693 ,
2129 1641 2210 1683 sive
2226 1651 2297 1693 ,ut

1267 1700 1552 1751 extrahantur,
1563 1701 1807 1754 permittere
1819 1700 1963 1757 quovis
1980 1708 2174 1754 praetextu
2190 1729 2206 1750 ‚
2231 1713 2298 1742 ra-

1267 1761 1383 1803 tione
1398 1786 1414 1810 ,
1437 1757 1504 1800 vel
1525 1758 1734 1801 occafione
1761 1761 1911 1803 audeat
1927 1787 1941 1811 ,
1967 1758 2035 1801 seu
2055 1757 2266 1814 praesumat
2281 1786 2299 1809 ,

1267 1818 1339 1861 sub
1353 1817 1782 1860 excommunicationis
1796 1844 1812 1867 ‚
1831 1832 1878 1861 ac
1891 1817 2127 1873 privationis
2141 1817 2295 1866 ειέὶίνε,

1267 1878 1309 1920 δι
1327 1874 1478 1933 paffivae
1501 1877 1610 1918 vocis
1625 1877 1745 1931 paenis
1760 1905 1775 1928 ‚
1786 1890 1856 1932 per
1869 1876 2216 1918 contrafacientes
2236 1875 2300 1917 in-

1268 1935 1732 1988 currendis,Apostolica
1749 1936 2016 1986 authoritate,
2033 1945 2175 1977 tenore
2192 1948 2297 1990 prae-

1271 1993 1445 2038 sentium
1460 1993 1800 2045 interdicimus,&
1818 1994 2091 2049 prohibemus.
2107 1996 2201 2035 Non
2224 1995 2301 2036 ob-

1271 2052 1466 2096 stantibus
1488 2051 1856 2096 constitutionibus
1870 2081 1884 2103 ‚
1909 2052 2298 2095 &ordinationibus

1277 2111 1517 2168 Apostolicis
1529 2137 1544 2160 ‚
1571 2125 1618 2153 ac
1633 2110 1831 2154 diEtorum
1860 2109 2011 2153 Domus
2026 2138 2040 2162 ,
2063 2112 2104 2152 δι
2116 2111 2297 2159 Ordinis,

1270 2171 1394 2214 etiam
1420 2169 1651 2227 juramento
1665 2198 1680 2221 ‚
1709 2169 2020 2214 confirmatione
2037 2169 2267 2225 Apostolica
2282 2195 2298 2215 a

1271 2229 1338 2273 vel
1357 2230 1498 2285 quavis
1521 2226 1714 2271 firmitate
1736 2228 1808 2271 alia
1823 2228 2026 2270 roboratis
2041 2227 2197 2271 statutis
2209 2256 2225 2278 ‚
2257 2229 2299 2269 δι

1270 2285 1628 2336 consuetudinibus
1652 2315 1667 2338 ,
1697 2286 1934 2343 caeterisque
1958 2286 2173 2328 contrariis
2200 2287 2296 2342 qui—

1272 2344 1504 2400 buscunque
1516 2370 1531 2383 ·
1559 2345 1759 2388 Volumus
1774 2355 1911 2388 autem
1925 2373 1941 2396 ,
1952 2344 2063 2401 quod
2086 2343 2292 2401 praesentis

1274 2401 1558 2462 prohibitionis
1582 2404 1699 2460 copia
1715 2403 1755 2445 in
1774 2404 1902 2454 valvis
1927 2403 2120 2455 dictarum
2138 2403 2291 2446 Eccle-

1274 2463 1414 2507 fiarum
1429 2492 1444 2514 ‚
1465 2472 1533 2504 aut
1547 2462 1741 2517 aliquibus
1755 2462 1845 2504 aliis
1861 2462 1961 2504 locis
1972 2488 1987 2512 ‚
2010 2461 2120 2504 unde
2139 2461 2189 2503 ab
2204 2475 2296 2505 om-

1273 2522 1388 2566 nibus
1409 2521 1524 2569 cerni
1539 2519 1652 2576 poslit
1667 2548 1682 2572 ‚
1706 2520 1900 2568 continuo
1926 2518 2039 2564 affixa
2056 2530 2263 2566 remaneat
2278 2547 2295 2572 ‚

1272 2581 1460 2639 quodque
1487 2578 1739 2636 praesentium
1767 2579 2024 2634 transumptis
2036 2605 2051 2625 2
2077 2578 2201 2621 etiam
2215 2578 2295 2621 im-

1271 2638 1405 2697 pressis
1420 2669 1436 2690 ,
1459 2652 1579 2680 manu
1593 2637 1759 2695 alicujus
1778 2638 1938 2684 Notarii
1956 2636 2104 2692 publici
2121 2634 2294 2680 subscri-i

1271 2699 1351 2756 ptis
1364 2725 1379 2747 a
1392 2700 1432 2740 δι
1445 2696 1575 2752 sigillo
1590 2695 1764 2754 personae
1779 2698 1819 2740 in
1832 2697 2028 2752 dignitate
2045 2695 2296 2739 Ecclesiasti-

1271 2772 1319 2801 ca
1335 2757 1560 2800 constitutae
1574 2757 1734 2798 munitis
1748 2783 1762 2806 ,
1778 2755 1924 2798 eadem
1938 2752 2096 2810 prorsus
2113 2752 2211 2798 fides
2226 2756 2297 2799 ad·-

1272 2817 1462 2859 hibeatur
1473 2843 1488 2867 ‚
1503 2829 1589 2870 quae
1602 2815 1863 2857 adhiberetur
1876 2812 2137 2870 presentibus
2150 2839 2165 2862 ‚
2192 2811 2217 2855 fi
2233 2812 2297 2855 fo..

1270 2886 1365 2923 rent
1395 2874 1582 2922 exhibitae
1601 2900 1616 2923 ,
1647 2872 1715 2914 vel
1745 2872 1903 2923 ostensae
1921 2901 1933 2913 .
1978 2874 2125 2915 Datum
2153 2873 2296 2915 Romae

1272 2934 1377 2989 apud
1394 2935 1436 2975 S.
1451 2924 1623 2974 Mariani
1638 2929 1836 2985 Maiorem
1853 2929 1924 2973 sub
1938 2930 2101 2976 Annulo
2113 2927 2297 2973 Piscato-

1274 2993 1328 3033 ris
1343 2990 1412 3035 die
1427 2989 1639 3047 v11.Junii
1657 3002 1844 3035 uncxxx
1855 3003 1915 3035 tx·
1931 2986 2193 3032 pontificatus
2208 2991 2296 3032 No·-

1276 3049 1344 3094 ssri
1361 3051 1483 3095 Anno
1496 3046 1660 3092 decimo
1674 3046 1788 3089 sexto
1797 3075 1809 3088 .

1737 3223 1796 3268 Μ.
1810 3221 1863 3264 Α.
1877 3219 2082 3269 Maraldus
2095 3246 2108 3263 .

1339 3406 1400 3447 Ex
1413 3400 1534 3443 Arcb.
1550 3402 1695 3441 secret.
1712 3401 1825 3441 Brev.
1839 3396 1969 3457 Apost.
1986 3401 2081 3456 Reg.
2097 3397 2226 3457 mensts
2243 3399 2297 3449 ὠ·

1392 3463 1488 3503 anni
1499 3456 1715 3516 praed.fol.
1729 3457 1827 3506 656.

1697 3871 1775 3913 00
2179 3866 2243 3909 Si·
