2716 4042
841 187 1820 290 ISAGOGES.
2208 235 2344 291 fxv

454 306 594 372 Nec
625 308 850 373 durant
883 307 954 370 in
991 311 1291 396 exempla,
1331 330 1516 400 prout
1557 319 1636 382 de
1669 317 2015 409 Rescriptis
2042 317 2278 403 justitiae
2312 322 2404 387 di-

271 392 442 461 stum
472 398 594 477 est,
632 400 807 491 quod
844 399 1016 465 enim
1056 402 1237 469 alicui
1272 409 1538 494 gratiose
1571 411 1971 489 conceditur,
2008 410 2084 476 ab
2124 414 2254 480 aliis
2287 432 2404 482 tra-

263 489 335 556 hi
383 518 517 563 non
564 495 750 560 debet
791 495 856 558 in
871 498 1328 586 exemplum,c.
1366 502 1531 589 quod
1555 505 1744 569 alicui
1777 505 1847 570 de
1877 529 2003 593 reg.
2018 507 2203 590 juris
2235 512 2306 575 in
2345 519 2404 575 6.

267 607 410 652 cum
434 590 518 657 ita
539 583 892 653 conceflum
916 589 1134 656 induat
1155 595 1461 658 rationem
1484 596 1804 685 privilegii
1826 599 2162 685 personalis
2177 648 2195 676 ,
2225 601 2402 694 quod

261 679 591 751 Personam
625 684 1026 771 Impetrantis
1063 706 1196 748 non
1234 685 1448 773 egredi
1486 685 1846 775 firmatcap.
1875 693 2290 781 privilegium
2325 693 2400 761 de

267 779 406 869 iisd
444 799 568 866 reg.
580 777 761 861 juris
797 775 867 839 in
905 783 962 842 6.

662 997 718 1085 S
820 995 896 1085 E
992 998 1074 1086 C
1173 997 1254 1085 T
1352 997 1400 1084 I
1497 1000 1587 1089 O
1751 998 1882 1083 vV
1930 1002 2000 1088 I⁴

266 1276 271 1284 ·
362 1241 461 1310 De
490 1239 952 1328 Refiriptorum
979 1241 1327 1316 erroribuS,
1366 1237 1446 1309 ὅθ
1476 1240 1546 1305 in
1561 1241 1765 1328 specie
1799 1240 1870 1308 de
1883 1240 2301 1334 sttbreptione,

1073 1330 1153 1402 δέ)
1200 1335 1584 1424 obreptione.

261 1526 708 1683 REscripta
742 1525 911 1591 vit-iis
946 1526 1288 1613 aliquando
1322 1522 1529 1598 affici,
1564 1545 1905 1613 eorumque
1939 1528 2200 1615 legalem
2232 1533 2395 1619 puri-

473 1637 670 1686 tatem
705 1618 1154 1689 contaminari,
1187 1618 1376 1680 docet
1407 1615 1826 1704 experientia,
1861 1616 2116 1688 fundata
2148 1624 2215 1687 in
2248 1646 2395 1690 con-

257 1712 500 1778 ditione
537 1713 820 1778 humanae
859 1709 1198 1797 fragilitatis
1220 1758 1236 1784 ,
1274 1708 1428 1771 dum
1471 1707 1680 1796 {inpius
1721 1711 2073 1778 vel-errore
2106 1714 2393 1806 fimplici-

256 1806 429 1879 tatiS,
470 1806 572 1868 vel
608 1819 868 1891 peccato
898 1801 1173 1878 malitiae,
1214 1804 1249 1865 a
1278 1801 1410 1886 jure
1446 1799 1778 1866 subfidium
1801 1853 1830 1879 ‚.
1858 1807 2026 1870 vela
2061 1810 2392 1900 Principe,

256 1894 630 1962 beneficium
673 1894 957 1985 quaeritur
987 1944 1003 1971 ,
1054 1893 1536 1988 eoipsonullum
1565 1916 1595 1969 ,·
1631 1898 1805 1983 quod
1848 1895 2247 1988 supplicatim
2286 1907 2389 1969 vel

255 1992 429 2057 dicto
470 2011 678 2056 errore
708 2003 924 2053 contra
960 1989 1147 2077 Legis
1178 1994 1442 2064 Statuta,
1480 1989 1581 2054 Vel
1616 1988 1800 2052 dicto.
1829 2010 2089 2080 peccato
2124 2009 2388 2061 contra,

244 2085 470 2175 justitie
510 2085 615 2148 vel
656 2082 929 2147 veritatis
966 2082 1242 2146 tramites
1280 2080 1503 2147 affeaa
1532 2083 1869 2171 reperiatur
1901 2134 1916 2150 .
1963 2084 2288 2154 Derivant'
2312 2113 2389 2157 ex

253 2178 380 2243 hoc
417 2174 645 2243 vitioso
680 2173 1082 2265 simplicitatis
1106 2177 1216 2239 uvel
1259 2176 1513 2242 malitiae·
1536 2172 1710 2241 fonte
1743 2174 2059 2266 speciatim
2094 2180 2387 2270 obreptio

251 2261 313 2335 δὲ
346 2269 660 2360 subreptio
681 2315 695 2330 .
743 2269 982 2358 Magna
1025 2267 1286 2356 ambage
1331 2285 1597 2360 querunt
1634 2270 1794 2335 inter
1827 2270 1937 2336 has
1967 2273 2385 2355 Jurisconsulti

253 2362 702 2437 differentiam,
740 2362 1551 2450 eandemquesconstituunt
1584 2362 1664 2424 in·
1684 2361 1810 2427 hoc
1830 2386 1857 2439 ,·
1885 2369 2057 2454 quod
2091 2366 2384 2459 obreptio

251 2458 674 2522 committatur
712 2477 825 2545 per
859 2452 986 2519 falfi
1019 2455 1437 2521 narrationem
1457 2503 1473 2530 ,
1532 2456 1591 2518 &
1625 2471 1878 2519 econtra
1925 2455 2239 2549 subreptio
2271 2483 2384 2550 per

250 2552 388 2615 veri
417 2549 840 2615 reticentiam:
887 2547 1195 2612 Auaores
1234 2546 1592 2638 hosample
1629 2548 1773 2610 citat
1795 2597 1812 2623 ‚
1851 2548 1911 2612 8<
1942 2548 2208 2640 sequitur
2244 2553 2381 2615 Me-

250 2641 519 2709 nochius
536 2642 606 2708 de
624 2642 810 2707 arbit.
812 2641 858 2723 J
864 2638 954 2704 ud.
975 2640 1094 2725 cast
1102 2665 1182 2706 20
1198 2663 1219 2703 1
1231 2689 1245 2704 .
1258 2663 1314 2704 n.
1336 2659 1391 2726 9‘.
1413 2663 1554 2705 cum
1572 2637 1763 2730 iisque
1785 2658 1954 2706 tenet
1967 2644 2187 2708 vitium
2205 2642 2380 2710 obre·

250 2737 488 2826 ptionis
509 2784 526 2811 ‚
563 2737 684 2825 qua
719 2732 931 2798 falsum
965 2730 1706 2824 exprimitur,majusefle
1741 2734 1898 2798 vitio
1934 2734 2377 2826 subreptioniS,

254 2831 379 2921 qua
413 2851 632 2894 verum
665 2826 988 2892 reticetur.
1035 2827 1165 2889 Alii
1196 2841 1405 2890 autem
1441 2823 1828 2914 Rescriptum
1869 2827 2271 2918 obreptitium
2312 2829 2378 2892 il-

249 2924 358 2987 lud
405 2922 722 3013 appellant
759 2967 776 2994 ,
825 2918 1000 3009 quod
1045 2916 1150 2982 sub
1198 2917 1423 2981 callido
1473 2913 1802 2979 verborum
1850 2919 2177 2986 involucro
2210 2968 2228 2994 ,
2275 2939 2376 2986 aut

250 3017 575 3107 aequivoco
613 3036 828 3078 eorum
865 3008 1035 3075 sensu
1073 3011 1433 3097 impetratur
1466 3057 1482 3084 ,
1537 3009 1597 3071 δί
1647 3027 1899 3074 econtra
1953 3010 2371 3101 subreptitium

231 3109 401 3172 'illud
436 3109 684 3184 dicunt,
734 3102 1225 3195 quod'expressa
1261 3100 1547 3176 falfitate,
1586 3102 1687 3164 vel
1716 3099 2032 3195 ‘suppressa
2071 3105 2371 3169 veritate,

248 3200 592 3265 obtinetur.
2234 3216 2238 3220 '

429 3293 559 3357 Alii
589 3309 845 3358 econtra
880 3291 1319 3382 obreptionem
1356 3286 1417 3349 8<
1452 3284 1908 3374 subreptionem
1942 3289 2366 3367 confundunt,

245 3389 338 3462 &,
376 3386 549 3477 quod
579 3386 801 3451 dicitur
823 3384 901 3446 de
939 3408 1059 3450 una
1079 3431 1094 3458 ,
1127 3382 1396 3448 referunt
1431 3380 1490 3443 δί
1518 3378 1597 3442 ad
1628 3379 1970 3446 aliam>.-Ita
1996 3382 2147 3447 Abb.
2167 3407 2211 3449 c.
2231 3383 2366 3449 cum

247 3477 471 3547 dilecfifa
506 3502 567 3564 7.
601 3478 674 3544 de
705 3477 1000 3564 qucript-
1016 3477 1064 3559 J
1068 3477 1228 3563 asbn.
1250 3476 1316 3539 in
1343 3471 1878 3557 L.proestripti0ne
1907 3496 1964 3538 n.
1993 3497 2041 3539 1.
2075 3498 2120 3540 c.
2136 3478 2211 3561 st
2233 3500 2365 3543 con-

246 3591 357 3641 tra
395 3594 535 3639 nos.
573 3571 947 3660 Fagnanus.
981 3572 1223 3656 afitper
1253 3567 1482 3633 litteris
1516 3586 1572 3626 n.
1603 3586 1653 3643 5.
1682 3563 1751 3628 de
1782 3565 2071 3655 Rcfs'crzpt.
2110 3568 2215 3635 ubi
2236 3573 2363 3638 Au-

246 3668 448 3734 &ores
470 3666 810 3735 contrarios
844 3665 1085 3730 ratione
1122 3663 1182 3727 &
1215 3657 1789 3726 austoritate'docte
1818 3657 2067 3728 refellit.
2106 3663 2229 3731 Liti
2263 3682 2362 3724 me

2139 3775 2271 3818 non
