2618 4108
289 304 400 340 mam
424 286 963 351 paupertatsse'm'profitentes‘
984 300 1065 331 non
1092 290 1236 344 poffint
1257 289 1320 331 su-

289 354 579 404 stentationem
595 352 700 402 suam
717 365 769 394 ex
783 348 924 393 debito
945 347 985 387 δι
998 345 1086 402 jure
1099 350 1288 404 recipere
1303 381 1318 391 .

289 406 428 457 Debet
448 422 663 468 eapropter
676 407 851 463 Amplit.
869 407 955 447 Tua
970 431 984 452 ³
1019 414 1238 461 antequam
1268 406 1320 450 ad

285 487 433 517 novam
451 471 696 512 erefflonem
711 465 964 522 procedatur
979 491 994 515 ,
1007 463 1244 521 invigilare,
1265 479 1318 508 an

287 530 432 573 saltem
457 528 672 571 duodecim
688 521 885 578 Religion
910 523 949 564 in
970 535 1077 565 novo
1093 525 1320 566 Conventu

289 603 340 634 ex
356 584 625 640 eleemosynis·
638 581 782 639 poffint
805 579 1010 625 sustentari
1034 583 1048 622 ?
1083 582 1149 623 ubi
1177 584 1218 625 &
1241 582 1319 625 Al-

292 646 444 690 tefatus
458 645 651 698 Princeps
665 668 679 691 ,
692 640 858 699 ejusque
871 637 1124 684 Suceeffores
1139 641 1317 686 charita-

290 713 374 749 tem
387 703 495 747 suam
519 713 717 743 exercere
732 709 929 755 poterunt
947 729 959 741 .

346 766 391 805 In
417 760 607 817 praedic‘to
632 762 821 802 Decreto
843 758 1017 814 Amplit.
1036 760 1122 803 Tua
1150 774 1225 803 nec
1251 773 1322 816 ap-

291 821 468 878 probare
480 819 606 863 debet
620 818 848 860 dominium
862 816 1104 860 Conventus
1119 820 1158 860 &
1174 819 1321 862 Eccle-

285 882 346 923 fiae
367 881 406 924 in
435 878 618 922 favorem
650 876 852 932 Principis
877 877 918 918 &
940 877 1217 920 Succefforum
1253 891 1319 920 re-

284 937 514 991 servatum3
547 937 704 995 poterit
731 945 872 978 autem
898 934 1108 989 permitti,
1140 944 1185 977 ut
1208 949 1318 980 una..

282 997 353 1039 vel
379 997 466 1039 duae
492 996 704 1054 sepulturae
733 994 784 1036 ad
811 992 1026 1037 condenda
1046 994 1085 1035 in
1105 993 1151 1036 iis
1168 994 1320 1038 Excel-

282 1056 504 1099 lentiffimae
516 1055 691 1101 Familia:
710 1051 911 1096 cadavera
928 1050 1194 1096 conficiantur
1206 1082 1220 1106 ‚
1242 1052 1318 1097 sal-

283 1129 338 1158 vo
351 1145 366 1169 ,
392 1125 514 1172 prout
528 1115 624 1172 juris
639 1115 677 1157 &
696 1111 865 1155 rationis
885 1110 941 1153 est
955 1140 968 1162 ,
994 1109 1081 1167 jure
1094 1112 1316 1156 Parochia-

283 1173 341 1218 li.
366 1172 506 1219 Sensui
523 1177 614 1218 sac-¹
631 1170 983 1226 congregationis
1001 1167 1040 1212 se
1056 1170 1287 1217 conformet
1299 1203 1317 1225 ‚

280 1231 379 1290 dum
407 1234 487 1289 διο,
515 1235 658 1279 Romae
682 1243 747 1275 ιι.
764 1228 897 1289 April.
919 1229 1039 1282 1726.

757 1351 805 1392 F.
819 1347 946 1391 Card.
961 1345 1171 1392 Paulutius
1182 1378 1197 1393 .

336 1472 396 1513 Ex
420 1466 575 1523 Regesto
596 1470 739 1510 Secret.
769 1469 960 1526 Congreg-
984 1466 1117 1526 ωαψς
1138 1469 1187 1520 (9⁹
1212 1469 1309 1511 anni

305 1572 307 1574 ,
384 1525 688 1583 praedmorum.

652 1667 1003 1683 *κ*
1180 1671 1296 1685 —

552 1734 595 1805 o
626 1765 661 1807 E
693 1766 732 1808 c
762 1765 803 1808 R
834 1765 870 1806 E
903 1764 940 1807 Τ
971 1766 1025 1806 ο.

483 1889 528 1944 S.
546 1893 883 1964 Congregationis
897 1893 936 1943 C
935 1894 1094 1944 oncilii.

279 2023 452 2076 Causas
483 2025 704 2074 nullitatis
739 2023 1076 2075 Profeffionum
1115 2024 1174 2076 ab
1202 2026 1306 2094 Epi·-

349 2094 495 2163 scopis
513 2096 765 2144 Provinciae
784 2098 948 2146 Siculae
978 2093 1071 2146 fine
1091 2100 1305 2166 Superio-

345 2183 395 2215 re
412 2165 634 2233 Regulari
662 2164 924 2236 recognosci
944 2167 1201 2218 inhibetur:
1238 2186 1306 2218 re-

348 2234 631 2286 stitutionem
661 2237 706 2285 in
726 2237 956 2306 integrum
983 2236 1198 2289 adversus
1214 2239 1306 2309 lap-

344 2304 444 2356 sum
473 2307 768 2373 quinquennii
787 2306 812 2356 ὲ
828 2309 973 2359 Curia
990 2313 1200 2361 Romana
1224 2313 1307 2361 im'-

343 2377 510 2445 petrari
540 2376 704 2426 debere
725 2375 953 2428 sancitur:
985 2378 1033 2430 δι
1050 2380 1271 2450 Religiofi
1288 2419 1306 2442 ‚

344 2462 541 2514 quorum
561 2445 781 2498 Profeffio
808 2466 865 2499 ex
881 2448 1041 2500 afferto
1058 2454 1305 2522 privilegio

341 2531 422 2568 aut
438 2515 763 2568 consuetudine
779 2533 940 2570 contra
963 2519 1163 2572 formam
1181 2528 1306 2574 Con·

341 2589 435 2637 cilii
469 2587 727 2639 Tridentini
765 2584 855 2639 fuit
882 2590 1112 2642 declarata
1146 2595 1305 2644 invali-
1352 2594 1396 2652 st

346 2656 405 2706 da
425 2692 442 2716 ,
474 2658 530 2708 ad
549 2659 781 2710 Habitum
797 2658 846 2711 ὅ(
861 2660 1053 2710 claustra
1067 2663 1186 2713 intra
1200 2668 1304 2715 anni

350 2728 599 2778 terminum
634 2728 780 2779 redire
795 2765 811 2789 ,
850 2729 899 2783 ὅ(
916 2730 1069 2783 causas
1094 2732 1193 2785 suas
1211 2739 1304 2786 Ro·

353 2813 440 2847 mae
462 2796 666 2867 prosequi
676 2799 896 2863 jubentur
916 2839 929 2852 .

394 2935 527 2980 Sicula
556 2936 825 2993 Rssituttonts
855 2943 899 2983 in
925 2940 1123 3000 integrum
1153 2946 1202 2995 ὢ·

515 2997 726 3041 Nullitatis
756 2997 1026 3060 Profisp'onum
1047 3033 1062 3046 .

287 3111 479 3220 CUm
509 3116 639 3158 Sacrae
669 3115 760 3159 huic
786 3119 1113 3176 congregationi
1139 3122 1207 3164 sub
1232 3135 1302 3164 an-

330 3223 336 3229 ·
374 3226 380 3233 .
416 3183 511 3213 num
536 3175 657 3226 1536.
683 3175 865 3220 delatum
891 3175 1023 3221 fuisset
1042 3208 1059 3230 ‚
1086 3179 1199 3221 binos
1228 3179 1300 3224 in„

285 3224 468 3269 C¹v¹tate
489 3232 737 3276 Melevitana
752 3234 906 3291 degere
919 3236 1166 3280 Sacerdotes
1176 3240 1300 3294 Joan-

286 3293 378 3345 pem
395 3286 546 3353 Bonelli
561 3316 576 3339 ,
602 3293 639 3332 δι
658 3294 875 3348 Josephum
887 3297 1019 3349 Borgh
1034 3321 1049 3343 ‚
1080 3296 1177 3351 qui,
1204 3297 1301 3340 licet

284 3349 333 3403 m·
346 3341 539 3408 Regulam
554 3348 708 3391 Ordine
724 3352 995 3396 Eremitarurn
1011 3355 1141 3395 Sandti
1156 3356 1297 3410 Augu-

288 3394 375 3462 stnpi
392 3399 536 3450 jamdiu
553 3402 766 3449 solemnem
780 3409 1297 3467 emififfentProfeffionem‚

286 3465 400 3507 prior
413 3468 559 3512 nempe
576 3461 758 3506 Panormi
781 3481 887 3511 anno
906 3481 1023 3520 ¹722·
1048 3469 1170 3515 Alter
1195 3472 1294 3516 vero

288 3509 471 3578 Messanae
490 3515 608 3583 usque
624 3520 672 3561 ab
687 3534 789 3564 anno
808 3538 877 3575 17¹
893 3542 929 3570 ι.
945 3527 1014 3571 sub
1030 3530 1201 3574 obtentu
1216 3532 1291 3574 du-

287 3568 404 3635 plicis
423 3569 626 3638 sententiae
647 3575 757 3619 illam
781 3581 1023 3629 declarantis
1044 3587 1262 3632 invalidam
1277 3619 1293 3641 ,

290 3640 406 3669 unlus
435 3628 596 3685 quidem
620 3635 644 3677 a
670 3636 793 3677 Curia
820 3641 1044 3698 Episcopali
1074 3647 1290 3690 Catanenfi

290 3688 526 3751 pro-Joanne
546 3717 559 3739 ,
586 3690 753 3734 alterius
777 3703 911 3739 autem
937 3702 984 3744 ab
1009 3704 1293 3759 Archiepisco-

288 3743 370 3796 pah
396 3745 576 3790 Meflanae
597 3761 672 3803 pro
692 3751 861 3808 Josepho
874 3759 1078 3805 noviffimfz
1097 3763 1290 3817 prolatis„

1124 173 1653 261 Provincia
1703 226 1708 230 -

1382 292 1528 347 absque
1545 304 1622 341 eo,
1648 286 1770 343 quod‘
1785 286 1867 330 ulla
1889 286 2090 333 restitutio
2108 289 2148 333 in
2167 291 2407 349 integrum„

1382 348 1572 391 adversus
1587 346 1738 404 lapsum
1752 348 2013 406 quinquennii
2028 350 2113 390 abA
2122 349 2315 404 postolica
2335 358 2409 395 be·-

1379 407 1434 448 de
1464 407 1713 460 imploranda
1741 403 1978 460 praecefferit
1994 434 2009 458 2
2035 410 2267 463 Presbyteri
2289 413 2407 453 saecu.

1378 465 1473 508 laris
1498 465 1651 506 Habitu
1675 464 1840 515 induti,
1861 463 2161 522 constitutoque
2181 466 2251 508 fibi
2269 470 2406 511 Patri-

1381 524 1574 566 trimonio
1587 551 1601 573 ‚
1627 520 1820 565 facultate
1835 524 2076 566 celebrandi
2092 522 2245 567 Missam
2260 528 2308 569 ab
2323 529 2405 569 Or·

1378 582 1535 625 dinatio
1560 581 1814 624 Melevitano
1835 581 2052 637 impetrata
2076 582 2208 636 palam
2233 594 2405 627 uteren-

1379 651 1448 683 tur
1463 670 1476 683 .
1507 645 1632 684 Sacra
1658 642 1803 683 eadem
1820 643 2101 696 Congregatio
2129 643 2260 684 voluit
2282 640 2404 697 super

1378 702 1454 744 hac
1480 713 1526 742 re
1552 698 1694 742 audire
1713 709 1797 743 tam
1814 699 2177 755 Archiepiscopum
2196 696 2376 745 Meflanae
2389 727 2406 753 ‚

1379 759 1496 816 quim
1512 758 1755 815 Episcopum
1767 759 2035 802 Cannensem
2047 788 2061 811 ‚
2084 758 2227 814 jubens
2246 761 2406 801 interea

1381 818 1540 862 Praesuli
1564 818 1756 861 Civitatis
1779 819 1931 861 Melitae
1948 846 1962 870 ,
1988 828 2035 861 ut
2062 817 2235 873 praefatis
2252 823 2406 862 Sacer-e

1379 876 1544 980 gutibus
1587 875 1739 920 Missam
1781 890 1861 920 non
1894 879 2042 921 sineret
2081 877 2253 934 amplius
2291 876 2408 919 cele-⁴

1409 950 1503 981 rare
1519 965 1533 978 .
2396 959 2398 962 .

1436 994 1540 1056 Juffa
1559 999 1598 1040 S.
1613 996 1952 1053 Congregationis
1976 996 2270 1053 quamprimum
2286 1004 2402 1038 retu-

1409 1064 1425 1096 t
1448 1054 1486 1098 se
1503 1052 1638 1098 feciffe
1654 1056 2132 1099 MelevitnnusAntistes:
2150 1053 2402 1098 Meffanenfis

1377 1112 1722 1170 Archiepiscopus
1739 1116 1839 1158 vero
1859 1114 1910 1158 ad
1936 1114 2131 1159 tuendam
2160 1113 2402 1157 sententiam

1377 1172 1820 1230 favoreJosephiBorgh
1834 1171 1900 1216 sub
1912 1170 2287 1218 nomineMichae'lis
2301 1170 2400 1214 olim

1374 1234 1416 1275 in
1452 1233 1610 1275 Ordine
1632 1231 2008 1288 Augustinianorum
2034 1229 2190 1287 profeffi
2215 1230 2236 1271 εἰ
2264 1229 2393 1272 Curia

1375 1291 1441 1335 sua
1457 1320 1472 1343 ‚
1487 1305 1565 1334 non
1589 1291 1760 1335 obtenta
1787 1291 1884 1335 licet
1905 1294 1929 1336 a
1952 1296 1994 1337 S.
2009 1290 2118 1334 Sede
2138 1290 2174 1332 in
2192 1288 2400 1344 integrum

1373 1349 1633 1394 restitutione
1646 1380 1660 1403 ,
1681 1350 1834 1394 editam
1848 1381 1864 1402 ,
1881 1352 1962 1393 haec
1979 1347 2303 1393 Eminentiffimis
2319 1350 2398 1391 Pa-

1373 1410 1497 1454 tribus
1512 1408 1734 1466 rescripsit.
1765 1406 1902 1452 sciant
1920 1409 2146 1452 Eminentia·
2170 1407 2304 1465 Vcssrae
2325 1406 2398 1448 du-

1360 1467 1530 1527 pliciter
1535 1467 1659 1528 fusffe
1683 1468 1826 1510 obicem
1833 1468 2070 1524 praedt‘blum
2092 1480 2138 1508 ex
2158 1465 2270 1524 lapfh
2282 1465 2399 1521 quitt-

1369 1529 1529 1586 quenm'i
1540 1528 1795 1586 rcfitltantem
1807 1528 1850 1568 in
1860 1528 2033 1582 allegata
2055 1525 2398 1584 catgfafublatum,

1369 1602 1414 1631 ac
1440 1587 1636 1644 adportes
1637 1583 1852 1642 fipost'tum
1867 1614 1881 1638 ,
1906 1589 2094 1628 nimirum
2113 1582 2158 1625 ob
2176 1583 2402 1640 perduran-

1365 1658 1444 1691 tem
1459 1648 1613 1707 causam
1630 1646 1778 1688 metas:
1795 1645 1970 1687 videlicet
1972 1644 2312 1704 sitpervt'vcntiam
2329 1644 2401 1684 Pa-

1365 1710 1441 1751 tris
1459 1734 1473 1758 ‚
1499 1709 1568 1762 qut·
1583 1714 1728 1747 metum
1742 1702 1952 1762 incuffi’rat
1966 1703 2086 1762 usquc
2098 1703 2153 1743 ad
2160 1710 2306 1757 tempus
2322 1714 2399 1744 mo.

1367 1775 1420 1810 tae
1433 1766 1541 1808 litis:
1571 1764 1618 1813 ζῇ·
1631 1765 1782 1806 demum
1799 1763 1846 1805 ob
1864 1776 1919 1805 ενι
1926 1762 2017 1805 bras
2031 1790 2047 1814 ,
2061 1759 2297 1818 afflduafque
2309 1773 2399 1801 con-

1365 1824 1576 1881 questiones
1592 1852 1606 1876 ‚
1628 1822 1999 1880 protestationqsque
2007 1821 2136 1877 staper
2158 1821 2236 1863 tali
2252 1818 2399 1862 metu&

1356 1882 1551 1941 praedift‘o
1564 1883 1760 1927 Michacle
1773 1882 1903 1937 Borgh
1914 1879 2094 1923 continu&
2104 1888 2297 1920 exaratas:
2307 1882 2403 1933 qui·¹

1365 1943 1435 1986 bus
1448 1942 1550 1984 binis
1564 1940 1867 1998 circumstantiis
1893 1939 1936 1982 in
1945 1937 2063 1998 fab‘t'o
2080 1935 2398 1995 praefhpposttis‚

1364 2011 1498 2058 utpote
1524 2002 1617 2045 bene
1635 2004 1677 2044 t'n
1699 1998 1872 2058 procefflt
1883 1996 2135 2054 comprobatis
2153 2025 2168 2048 ,
2197 1996 2340 2055 absque
2352 2009 2397 2038 eo

1365 2061 1472 2118 quod
1479 2059 1541 2104 nil
1562 2064 1605 2103 tn
1618 2062 1863 2103 contrarium
1877 2087 1891 2110 ,
1913 2070 1979 2100 nec
1991 2055 2234 2113 probatum,
2266 2058 2394 2111 mimas

1366 2117 1744 2179 allegatumfucrit‚
1766 2117 1911 2172 constat
1924 2146 1939 2169 ‚
1963 2130 2007 2159 ac
2020 2115 2169 2157 evidens
2183 2113 2238 2171 ss
2250 2141 2264 2165 ‚
2277 2113 2397 2172 ceffla-v

1363 2195 1406 2225 re
1420 2179 1686 2236 difficultatem
1697 2179 1824 2233 lapstis
1840 2173 2124 2232 quinquennii,
2144 2172 2259 2230 &fic
2271 2172 2396 2232 neces:

1359 2240 1518 2296 litatem
1531 2242 1573 2280 in
1583 2243 1782 2293 integrum
1795 2235 2050 2293 restitutionis
2065 2263 2080 2286 ‚
2094 2231 2247 2289 prout(
2262 2239 2399 2286 repro-

1366 2298 1465 2342 batd
1475 2300 1651 2354 opinione
1669 2298 1893 2352 aliquorum
1906 2303 2128 2337 exterorum
2142 2319 2157 2343 ,
2183 2295 2252 2347 qui
2265 2292 2364 2334 tales
2375 2296 2400 2344 ,ἦ

1353 2357 1583 2415 stmiltsquc
1596 2355 1906 2413 circumstantias
1920 2354 1974 2396 ad
1971 2349 2137 2409 facilitls
2149 2349 2397 2393 obtinendam

1364 2417 1647 2474 restitutionem
1659 2415 1702 2457 in
1716 2418 1913 2471 integrum
1929 2414 1955 2455 d
1977 2416 2018 2453 s.
2040 2411 2133 2453 sede
2136 2409 2398 2467 ponderant.)

1363 2476 1406 2519 in
1429 2476 1496 2518 hoc
1517 2473 1664 2517 sicilia
1677 2477 1806 2529 Regno
1819 2502 1836 2523 ,
1859 2472 1912 2522 ὢν
1926 2474 2066 2514 tamin
2085 2470 2157 2512 hac
2173 2472 2297 2511 Curia
2312 2470 2396 2510 Ar-

1363 2532 1629 2592 chieptfcopalt'
1642 2562 1657 2584 ‚
1688 2533 1807 2588 qudm
1834 2535 1876 2572 t'n
1904 2528 2074 2572 omnibus
2101 2526 2190 2571 aliis
2208 2525 2397 2584 Ecca-stuf

1399 2595 1465 2635 icis
1498 2596 1628 2636 Curiis
1654 2592 1701 2640 Β
1723 2589 2003 2643 Tribunaltbus
2019 2617 2034 2641 .,
2057 2601 2101 2629 ac
2113 2597 2183 2646 per
2196 2598 2318 2628 omncs
2333 2588 2395 2627 si·-

1365 2654 1466 2695 culos
1478 2650 1785 2708 ‘Jurt'stonsttltos
1792 2648 1980 2705 perpetuo?
1996 2643 2392 2704 constanttffi'mbpra.

1363 2712 1574 2762 Rhasum,
1598 2720 1717 2765 atquc
1740 2708 1923 2765 testatum
1937 2716 2075 2758 extat,
2091 2707 2181 2764 sive
2195 2733 2209 2755 ‚
2225 2704 2318 2758 quia
2345 2701 2396 2750 ob*

1355 2770 1638 2827 perdurantem
1668 2768 1824 2826 cassam
1847 2768 1970 2808 metas
1998 2762 2244 2823 prestriptio
2275 2763 2395 2817 quin-

1361 2829 1565 2885 quennalis
1578 2828 1757 2871 inchoari
1772 2826 1945 2882 legitime
1957 2825 2152 2880 nequierit
2161 2821 2283 2880 ‚five,
2296 2820 2392 2875 quia

1362 2889 1409 2930 ob
1433 2887 1666 2946 substentat
1692 2884 1846 2930 crebras
1881 2883 2157 2942 conquestiones
2191 2878 2389 2937 nequtert't

1363 2946 1568 3001 compleri.

1422 3002 1545 3048 Hisce
1575 3005 1623 3048 ab
1652 3001 1971 3059 Archiepiscopo
2000 2996 2238 3043 Meffanenfi
2270 3001 2390 3041 acce*

1364 3063 1443 3119 ptis
1469 3062 1566 3105 dum
1599 3062 1890 3118 expectabatur
1929 3058 2160 3114 responsum
2201 3055 2388 3100 Praesulis

1363 3120 1559 3164 Civitatis
1585 3123 1780 3170 Catanae,
1811 3116 1976 3173 supplex
2004 3121 2129 3160 Sacro
2156 3116 2246 3158 huic
2275 3118 2389 3158 Con-

1362 3177 1473 3223 sessui
1496 3181 1705 3234 porrectus
1723 3177 1798 3220 fuit
1820 3175 1984 3219 libellus
2006 3178 2028 3221 ὲ
2052 3175 2386 3219 Procuratoribus

1360 3234 1628 3282 Generalibus
1672 3235 1939 3292 quorumdam
1971 3235 2168 3278 ordinum
2202 3234 2387 3289 Regula-

1358 3297 1462 3339 rium
1487 3321 1501 3344 ‚
1542 3295 1609 3350 qui
1634 3294 1718 3337 late
1745 3302 1998 3351 exponentes
2020 3293 2153 3351 paffim
2181 3294 2199 3336 a
2226 3292 2382 3336 Curia-s

1359 3353 1588 3411 Episcopali
1613 3355 1823 3398 catanensi
1853 3352 2016 3397 admitti
2042 3351 2242 3396 instantias
2267 3349 2382 3394 Reli-

1357 3414 1558 3471 giosorum
1573 3412 1764 3456 adversus
1777 3411 2040 3457 Profeffiones
2056 3412 2075 3454 a
2092 3410 2130 3455 se
2145 3406 2297 3453 emissas
2313 3422 2379 3451 re-

1354 3472 1616 3515 clamantium
1632 3498 1646 3523 ,
1659 3474 1838 3527 quamvis
1854 3471 1990 3528 elapso
2002 3474 2024 3515 a
2040 3470 2107 3513 die
2121 3482 2259 3511 eorum
2278 3468 2379 3509 Pro=

1352 3529 1526 3574 feffionis
1551 3531 1824 3586 quinquennio
1852 3561 1866 3584 ‚
1894 3532 1976 3574 imo
2007 3529 2129 3571 etiam
2161 3524 2381 3570 Profeffio-

1353 3604 1406 3634 ne
1428 3590 1466 3631 in
1481 3590 1762 3632 Conventibus
1790 3601 1903 3634 extra
1933 3586 2149 3631 Dioecefim
2164 3588 2381 3629 Catanen-

1351 3648 1432 3692 sem
1454 3645 1622 3699 emissfi,
1654 3647 1910 3704 eandemque
1924 3647 2092 3690 Curiam
2117 3643 2215 3701 saepe
2240 3644 2377 3700 saepius

1353 3706 1462 3761 juxta
1487 3706 1662 3761 ipsorum
1687 3707 1954 3760 Regularium
1985 3714 2105 3756 vota,
2135 3717 2186 3747 ne
2210 3703 2378 3745 monitis

1351 3764 1521 3822 quidem
1556 3766 1845 3824 Superioribus
1868 3764 2080 3811 Localibus
2104 3791 2121 3817 ,
2159 3761 2379 3862 sentgntias

2214 3834 2239 3863 c
2271 3833 2316 3862 e.
