2618 4108
291 155 294 158 *
340 218 515 311 268

536 331 722 388 Eodem
747 327 1056 404 argumento.

271 458 310 504 A
326 464 471 512 tergo:
487 452 644 498 Dileffio
659 452 790 561 Fdilig,
803 454 942 521 Nobili
963 453 1068 509 Viro,
1081 454 1317 516 Balthasati

768 527 887 574 umga
899 543 913 563 ,

271 634 865 689 GREGORIUS
918 638 1126 689 PAPA
1180 639 1312 692 XV.

269 753 421 800 Ditem
434 753 536 806 Fili,
553 751 707 797 Nobilis
729 754 979 814 Virfizlutem
999 756 1046 809 ὅ
1062 754 1320 811 Apostolt‘cam

625 815 937 861 Bencdfflionem
953 844 964 856 .

401 933 697 989 Ermania,quae
713 947 862 979 nomen
877 932 1118 979 Nobilitatis
1131 933 1226 976 Tuae
1241 930 1314 974 fin-

417 992 545 1047 gulari
565 993 884 1044 benevolentia,
914 993 1150 1048 eximiisque
1178 991 1313 1036 laudi-

269 1052 348 1098 bus
377 1052 506 1102 colit,
536 1052 850 1101 aufioritatem,
880 1067 958 1109 qua
984 1052 1090 1109 apud
1121 1050 1315 1095 Catholi-

269 1126 366 1155 cum
383 1113 545 1167 Regem
562 1112 715 1157 florere
733 1112 923 1162 laetatur,
940 1126 1018 1154 non
1035 1110 1162 1157 solnm
1182 1112 1315 1154 virtu·

269 1172 302 1216 ti
320 1173 416 1217 Tuae
429 1181 702 1220 ornamento,
730 1170 799 1213 sed
824 1171 1025 1225 periculis
1054 1183 1216 1228 quoque
1239 1169 1315 1211 suis

270 1230 453 1287 praefidio
480 1228 569 1272 fore
596 1232 727 1286 sperat
749 1259 761 1272 .
798 1233 853 1274 Ut
886 1240 1011 1275 tantae
1039 1227 1316 1286 expectationi

270 1289 476 1333 cumulate
505 1290 749 1343 respondeas
780 1317 795 1340 s
825 1292 910 1331 Nos
935 1317 950 1344 2
981 1289 1052 1344 qui
1079 1287 1322 1344 jampridem

271 1347 408 1409 gloriae
424 1358 501 1395 tuae
516 1346 714 1398 favemus,
727 1349 816 1392 aTe
833 1357 951 1390 tanto
970 1348 1099 1393 studio
1117 1348 1320 1403 petimus,

272 1417 318 1454 ut
338 1405 494 1462 majore
510 1406 770 1449 contendere
785 1420 865 1450 non
885 1407 1191 1462 poffimuS.Dici
1207 1409 1316 1448 enim

268 1468 338 1510 vix
368 1465 528 1521 potest,
559 1466 680 1522 quam
708 1468 796 1509 Nos
822 1464 1019 1511 sollicitos
1053 1467 1200 1509 habeat
1228 1465 1316 1508 dies

271 1523 492 1581 noctesque
513 1526 853 1569 Germanicarum
879 1523 1131 1569 miseriarum
1153 1525 1315 1580 cogita·

267 1587 356 1636 tio,
382 1598 470 1643 quae
494 1584 661 1640 quidem
684 1588 770 1628 Nos
794 1588 962 1627 omnino
986 1583 1199 1641 quiescere
1230 1598 1310 1626 non

298 1645 505 1689 atiuntur.
540 1645 708 1688 Revera
730 1643 956 1686 Catholicae
981 1643 1214 1699 Religionis
1231 1672 1244 1694 ‚
1269 1645 1310 1692 ὃς

265 1659 446 1748 Romani
462 1703 631 1758 Imperii
647 1702 901 1749 calamitates
917 1717 996 1745 non
1012 1703 1140 1748 solum
1154 1704 1191 1745 ei
1209 1706 1310 1745 Pro-

266 1762 409 1805 vinciae
426 1760 597 1804 funestas
611 1789 625 1812 ‚
654 1762 721 1804 sed
739 1760 1002 1809 Pontificatui
1017 1763 1144 1805 etiam
1160 1762 1310 1815 nostro,

265 1821 462 1878 hujusque
477 1822 604 1864 aetatis
623 1821 881 1877 Principibus
905 1821 1123 1867 indecoras
1141 1823 1308 1865 arbitra.

267 1896 363 1927 mur
378 1910 389 1920 .
421 1880 706 1942 Qamobrem
722 1895 894 1936 operam
909 1881 1058 1928 obnixe
1073 1892 1197 1938 atque
1208 1895 1309 1924 con-

263 1942 446 1985 tinenter
461 1942 625 1989 damus,
654 1954 703 1982 ne
719 1948 779 1983 tot
797 1939 1068 1994 periclitantis
1085 1941 1306 1996 Reipubli-

266 2015 322 2046 cae
349 1998 504 2045 damnis
533 1999 703 2041 nostram
720 2012 888 2054 quoque
914 1998 1076 2054 culpam
1094 1999 1310 2042 desidiam-

263 2073 344 2115 que
359 2056 555 2101 addamus
572 2086 584 2098 .
617 2058 744 2115 Qod
771 2058 892 2104 rebus
908 2059 1061 2113 potius,
1077 2062 1202 2115 quam
1222 2071 1310 2100 ver-

261 2119 322 2164 bis
338 2114 585 2161 Charissimo.
596 2114 804 2159 inChrisso
817 2117 922 2162 Filio
934 2118 1315 2169 nostr0‚Ferdinan-

261 2177 346 2228 do,
364 2175 608 2230 Imperatori
629 2175 764 2219 eleeto
788 2177 975 2232 praestare
991 2205 1005 2227 ‚
1021 2191 1067 2218 ac
1093 2179 1171 2220 toti
1187 2177 1311 2224 Chri·

269 2236 398 2278 stiano
413 2234 515 2276 Orbi
531 2234 757 2290 approbate
771 2234 928 2292 semper
944 2235 1126 2279 nitemur
1140 2264 1151 2276 .
1183 2239 1306 2278 Nunc

261 2306 400 2341 autem
414 2323 430 2344 ,
445 2304 488 2334 ut
507 2304 648 2339 caete-ra
674 2304 960 2349 praetereamus
975 2324 990 2345 ‚
1016 2310 1104 2352 quae
1118 2295 1301 2351 pruden-

260 2355 360 2402 tiam
385 2364 496 2396 tuam
525 2366 606 2395 non
623 2355 834 2408 praeterire
856 2354 1317 2410 arbitramur,jampri-r

259 2414 356 2460 dem
398 2411 496 2455 illuc
530 2412 811 2467 ablegavimus
855 2413 1049 2457 dilectum
1084 2414 1269 2460 Filium..-
1285 2441 1299 2465 ,

259 2477 331 2519 Fr.
349 2472 628 2528 Hyacinthum
645 2471 1183 2529 Casalensem,Capucinum
1197 2502 1212 2526 ,
1226 2475 1299 2516 Vi·

258 2548 350 2580 rum
370 2532 493 2578 rebus
507 2532 677 2587 agendis
688 2561 701 2583 ‚
716 2533 881 2589 Deiquev
895 2533 1023 2576 causis
1036 2533 1299 2589 patrocinan-

259 2593 323 2639 dis
341 2604 481 2637 natum
496 2620 510 2642 ‚
537 2601 581 2632 ut
599 2591 807 2647 ingenium
824 2605 946 2637 omne
965 2602 1088 2649 atque
1103 2592 1301 2648 eloquen-

260 2654 360 2697 tiam
376 2680 390 2703 ,
404 2664 480 2706 qua
497 2649 626 2705 pollet
640 2679 655 2701 ,
681 2649 733 2692 ad
759 2647 803 2697 id
818 2651 1026 2706 negotium
1049 2649 1260 2696 conferret
1278 2677 1294 2701 ‚

259 2714 651 2764 Germanorumque
667 2711 891 2753 Procerum
923 2711 1078 2754 animos
1100 2711 1298 2754 concilia-

258 2781 328 2816 ret
349 2796 363 2819 s
393 2777 439 2812 ut
459 2768 628 2823 privatis
644 2769 865 2812 rationibus
879 2771 1063 2813 omnibus
1080 2770 1296 2827 negleffis,

259 2827 488 2874 Catholicae
505 2827 733 2881 Religionis
756 2828 944 2883 dignitati
968 2829 1206 2873 inserviret.
1233 2833 1301 2873 In-

263 2890 383 2932 timos
400 2900 502 2942 ergo
514 2899 656 2928 eorum
672 2884 804 2929 senius
817 2885 907 2930 satis
923 2889 1192 2945 introspicere
1205 2903 1301 2932 cum

260 2952 455 2995 haetenus
473 2945 683 3001 potuerit,
704 2946 835 2989 nostra
853 2949 1015 3003 negotia
1033 2963 1174 2992 curans
1194 2978 1210 2999 ,
1227 2949 1302 3007 jus«

262 3009 380 3053 fimus
412 3008 516 3050 Eum
541 3003 716 3047 modain
742 3005 971 3060 Hispaniam
1001 3006 1227 3062 proficisci,
1255 3016 1300 3050 ut

260 3064 519 3123 periclitanti
543 3063 779 3108 Christianae
797 3066 1050 3122 Reipublicae
1073 3081 1121 3110 ea
1137 3068 1302 3111 manda-2

262 3136 308 3168 to
336 3125 472 3167 nostro
494 3122 678 3166 remedia
704 3124 725 3167 a
742 3125 966 3169 catholico
990 3127 1109 3183 Rege
1135 3140 1302 3181 compa*

263 3194 330 3230 ret
348 3213 361 3234 ,
391 3198 479 3240 quae
499 3185 522 3227 a
539 3193 661 3226 tantae
677 3185 871 3240 potentiae
885 3185 1156 3241 amplitudine
1174 3187 1301 3230 Chri·

264 3242 411 3287 stianus
425 3243 548 3285 Orbis
565 3241 828 3298 exspestat‚&
842 3245 1066 3287 Germania
1083 3243 1298 3299 ipsa,vetus

1129 212 1572 334 Custodia

1405 335 1601 382 timendis
1615 331 1863 381 Catholicus
1882 335 1970 382 Rex
1985 333 2213 393 assequetur
2231 365 2245 390 ‚
2264 336 2304 380 in
2325 335 2413 395 ejus

1393 398 1616 443 ocietatem
1632 395 1796 450 Europa
1812 396 1941 439 omnis
1967 408 2161 442 vocatura
2176 397 2235 441 est
2250 398 2415 441 Nobili.

1378 455 1543 501 litatem
1563 456 1693 498 Tuam
1712 484 1728 507 ,
1757 454 1874 512 cujus
1901 455 2065 497 consilia
2088 453 2167 501 effe
2189 457 2419 501 creduntur

1379 528 1460 557 non
1485 515 1611 561 solum
1641 513 1867 570 Hispanicae
1890 515 2104 569 dignitatis
2122 541 2136 565 ‚
2159 513 2226 558 sed
2243 515 2418 571 publicae

1370 574 1496 616 etiam
1510 572 1646 619 salutis
1661 574 1834 630 praelidia
1852 573 2420 632 firmiffima.QuareFi-·Hya·

1375 633 1519 676 cintho
1538 659 1552 682 ,
1565 635 1714 679 nostras
1729 634 1890 679 litteras
1915 631 2122 677 deserenti
2141 661 2155 684 a
2169 633 2418 680 auctoritate

1380 703 1450 736 tua
1464 691 1741 746 suffragaberis
1757 722 1772 749 2
1792 697 1916 750 eique
1937 694 2109 738 eandem
2122 720 2136 744 ‚
2150 706 2271 750 quam
2287 693 2418 737 Nobis

1381 751 1489 808 ipsis,
1502 749 1624 795 fidem
1648 753 1800 796 habere
1815 755 1967 810 poteris
1982 782 1996 805 ,
2012 752 2037 795 fi
2058 753 2149 797 Tibi
2165 750 2418 798 pontificia..

1378 810 1700 864 benevolentia,
1727 814 1768 855 δι
1791 811 2003 859 Catholici
2032 812 2221 855 Nominis
2236 811 2419 868 dignitas

1378 871 1502 913 chara
1520 869 1577 915 est
1591 898 1603 915 ,
1621 872 1744 930 Qod
1761 870 1924 927 quidem
1940 885 2014 927 pro
2027 881 2246 929 comperto
2262 872 2419 919 haben—

1374 932 1494 980 tes,A
1504 929 1738 985 postolicam
1754 931 2085 975 Benedictionem
2099 931 2275 976 nostram
2292 928 2414 987 Tibi,

1373 989 1524 1032 dilec'te
1548 988 1653 1041 Fili,
1669 989 1830 1034 Nobilis
1846 990 1921 1032 Vir
1936 1017 1951 1041 ,
1972 999 2234 1045 peramanter
2261 990 2418 1047 imper-

1377 1049 1530 1093 timur.
1566 1050 1717 1092 Datum
1736 1050 1878 1093 Romae
1903 1049 2007 1105 apud
2034 1051 2077 1091 S.
2092 1050 2263 1092 Mariam
2280 1049 2418 1104 Majo-

1375 1122 1462 1151 rem
1498 1106 1569 1150 sub
1601 1108 1771 1154 Annulo
1805 1107 2023 1151 Piscatoris
2055 1108 2122 1152 die
2162 1121 2184 1153 x
2201 1122 2247 1152 v.
2291 1111 2416 1152 Osto-

1378 1169 1461 1214 bris
1477 1180 1673 1213 mccxxi.
1704 1166 1968 1213 Pontificatus
1983 1166 2107 1212 nostri
2119 1169 2243 1215 Anno
2266 1170 2414 1227 primo-

1443 1290 1502 1330 Ex
1527 1286 1685 1346 Regesto
1700 1284 1920 1345 pud-sol.
1933 1298 2034 1343 304.

2054 1427 2410 1446 *ssm

1641 1523 1819 1575 Eodem
1844 1538 2122 1594 argumento
2137 1556 2152 1573 .

1371 1668 1409 1710 Α
1433 1674 1581 1723 tergoz-
1615 1665 1769 1708 Dileft'o
1798 1663 1920 1716 Filio,
1937 1667 2108 1709 Antont'o
2119 1665 2166 1707 de
2193 1665 2411 1724 Sotomajer

1467 1727 1627 1770 OrdIm‘s
1648 1725 1956 1769 Praedicaterum
1970 1753 1985 1777 ,
2003 1726 2116 1781 Regis
2133 1725 2329 1771 Catholici

1761 1782 2035 1844 Confiffbrio.

1370 1880 1822 1961 GREGORI
1854 1905 1960 1959 us
2011 1906 2217 1955 PAPA
2273 1908 2410 1958 xv.

1489 2043 1644 2092 Dilcble
1671 2043 1754 2088 Fili
1768 2042 1952 2100 statutem
1965 2044 2014 2092 (3·
2034 2042 2293 2102 Apostolicam

1724 2103 2029 2147 Benediffiancm
2046 2131 2058 2144 .

1476 2233 1620 2276 letaris
1643 2244 1766 2290 atque
1788 2231 2014 2288 prudentia·
2028 2239 2260 2277 commeatu
2278 2231 2408 2277 abun·

1489 2293 1629 2344 dans,e
1644 2295 1865 2335 Germania
1882 2293 1922 2334 in
1936 2293 2168 2347 Hispaniam
2186 2290 2408 2347 proficisci-

1361 2361 1446 2402 tur,
1461 2353 1654 2404 nostra,&
1672 2352 1896 2395 Catholicae
1911 2351 2095 2394 Ecclefiae
2110 2361 2273 2409 negotia
2286 2364 2409 2395 cura-

1360 2412 1678 2463 turuS,Dile6tus
1696 2411 1836 2460 Filius,
1856 2413 1922 2454 Fr.
1942 2412 2196 2466 Hyacinthus
2213 2410 2408 2455 Casalen-

1361 2470 1424 2523 fis,
1437 2473 1672 2527 Capucinus
1685 2500 1696 2512 .
1713 2475 1821 2515 Cum
1836 2471 1945 2512 enim
1961 2470 2223 2525 perturbatus
2245 2472 2400 2513 Roma·

1365 2545 1403 2572 ni
1422 2532 1589 2586 Imperii
1606 2531 1727 2575 status
1757 2531 1947 2572 maximas
1966 2530 2093 2571 Nobis
2108 2529 2294 2586 quotidie
2308 2541 2405 2571 con.

1362 2588 1475 2631 ficiat
1488 2589 1762 2635 solicitudines
1777 2619 1792 2640 ,
1805 2589 2064 2632 decrevimus
2080 2589 2312 2633 Christiano
2328 2590 2403 2630 Or·

1361 2649 1400 2691 bi
1417 2649 1608 2695 testatum
1626 2649 1976 2705 relinquere,nihil
1993 2649 2148 2693 aNobis
2165 2648 2404 2705 praetermit,

1360 2709 1423 2761 ti,
1452 2710 1533 2765 quo
1563 2711 1586 2754 a
1604 2708 1833 2753 Christianae
1850 2709 2105 2764 Reipublicae
2120 2711 2311 2764 Corpore
2326 2708 2403 2748 im·

1363 2769 1565 2813 minentia
1593 2768 1775 2822 pericula
1792 2768 2067 2824 propellamus
2082 2797 2092 2810 .
2124 2770 2231 2811 Cum
2259 2776 2401 2809 autem

1365 2828 1603 2884 Principum
1626 2825 1846 2870 concordia
1871 2827 2097 2869 communis
2122 2825 2225 2870 salus
2257 2823 2400 2882 praeci·

1363 2887 1443 2944 pu‘e
1468 2888 1730 2930 contineatur
1746 2914 1759 2936 ‚
1787 2900 1869 2929 non
1898 2897 1979 2929 tam
1996 2887 2186 2929 accurate
2213 2885 2399 2939 legiones

1362 2947 1654 3002 comparandas
1666 2945 1744 2989 effe
1761 2945 1947 2988 duximus
1965 2945 2016 2988 ad
2031 2944 2196 2987 hostium
2209 2945 2392 2997 impetus

1363 3005 1646 3062 infringendos
1661 3035 1674 3058 ‚
1701 3007 1822 3061 quam
1836 3003 2146 3047 cohortationes
2161 3000 2396 3044 scribendas

1362 3065 1413 3108 ad
1429 3067 1648 3110 Procerum
1664 3063 1904 3120 plerumque
1920 3062 2194 3105 diffidentium
2207 3061 2399 3104 volunta·

1362 3135 1424 3167 tes
1440 3123 1710 3168 conciliandas
1724 3151 1735 3162 .
1752 3122 1798 3163 Id
1814 3125 1913 3165 vero
1927 3122 2138 3176 negotium
2149 3148 2163 3170 ‚
2178 3135 2259 3176 quo
2276 3118 2398 3163 Reli-

1363 3185 1495 3240 gionis
1517 3185 1558 3230 δι
1585 3181 1750 3237 Imperii
1781 3181 2082 3237 propugnacula
2109 3180 2393 3230 stabiliuntur,

1358 3241 1661 3285 conficiendum
1684 3240 1914 3287 curavimus
1952 3253 2023 3296 per
2041 3240 2184 3283 Virum
2208 3238 2395 3293 Religio-

262 3302 566 3345 Austriacorum
592 3302 826 3358 Principum
842 3305 992 3346 Parens
1008 3332 1021 3355 ‚
1038 3301 1107 3347 suo
1119 3305 1297 3360 quodam
1357 3300 1471 3352 sum,
1496 3303 1564 3357 qui
1592 3301 1756 3356 privatis
1772 3300 1960 3341 omnibus
1988 3300 2212 3342 rationibus
2235 3297 2393 3354 postha-

261 3358 351 3415 jure
366 3359 530 3412 exigere
546 3360 706 3403 videtur
718 3389 730 3404 .
746 3361 915 3405 Occasio
928 3361 1124 3419 Hispaniae
1139 3364 1176 3405 in
1194 3378 1293 3420 prae-
1354 3361 1550 3412 bitis,non
1563 3360 1786 3414 gratiae,aut
1801 3360 1885 3410 irae,
1901 3357 1969 3401 sed
1993 3359 2226 3401 Animarum
2245 3356 2388 3406 saluti,
2458 3400 2460 3403 ,

262 3417 365 3459 senti
393 3431 529 3459 rerum
555 3422 861 3471 perturbatione
889 3421 1087 3476 offertur,
1116 3436 1193 3478 qua
1212 3425 1291 3464 lm·
1352 3419 1612 3468 &Catholici
1637 3419 1804 3461 nominis
1825 3417 2275 3473 dignitatiinserviret.
2302 3418 2391 3458 Ne-

263 3477 367 3532 perii
393 3475 449 3519 sui
462 3474 716 3529 Maiestatem
740 3481 967 3529 Catholicae
986 3482 1201 3533 Ecclefiae,
1227 3491 1291 3523 at·
1353 3493 1432 3534 que
1447 3477 1632 3534 profesto
1648 3480 1733 3520 Nos
1749 3478 1935 3520 haetenus
1953 3476 2043 3520 faeti
2058 3475 2269 3532 poenituit.
2287 3476 2389 3516 Fru-

261 3549 342 3593 que
370 3535 562 3576 universae
591 3537 762 3593 Europae
779 3538 994 3585 salutarem
1020 3539 1100 3584 effe
1114 3541 1289 3584 demon-
1349 3537 1425 3584 stra
1440 3538 1548 3579 enim
1561 3538 1603 3582 in
1613 3537 1876 3580 Germaniam
1892 3536 2105 3591 ablegatus
2120 3548 2198 3577 non
2216 3533 2272 3575 est
2291 3535 2389 3576 Fra-

261 3595 383 3641 stret.
403 3592 621 3636 Nobilitati
638 3600 737 3642 vero
753 3599 849 3640 Tuae
865 3614 1026 3656 campus
1052 3609 1168 3657 patet
1181 3603 1288 3643 Ger·
1346 3607 1412 3640 ter
1439 3597 1695 3652 Hyacinthus
1724 3624 1738 3647 ‚
1769 3595 1867 3650 quin
1888 3594 2052 3650 ingenio
2076 3594 2115 3636 δι
2145 3593 2386 3648 eloquentia

262 3654 403 3701 maniae
428 3651 685 3697 demerendae
699 3680 713 3703 a
732 3669 776 3698 ac
794 3657 1024 3713 Religionis
1039 3657 1287 3714 amplifican-
1346 3655 1541 3705 militans,
1569 3669 1649 3699 non
1674 3668 1815 3710 parum
1829 3651 2056 3708 adjumenti
2076 3652 2126 3695 ad
2144 3652 2386 3709 publicam..

260 3714 320 3757 dae
336 3743 352 3765 ‚
381 3712 449 3770 qui
478 3709 643 3766 quidem
670 3713 997 3768 praestantiffimus
1019 3719 1075 3762 est
1090 3717 1286 3767 foelicita-
1345 3716 1501 3764 causam
1525 3713 1721 3758 tuendam
1744 3708 1919 3757 attulisse
1937 3711 2129 3754 videatur
2144 3741 2155 3752 .
2183 3715 2303 3754 Nunc
2320 3725 2384 3753 au.

260 3774 313 3817 tis
332 3771 420 3817 usus
435 3799 449 3822 ,
464 3783 539 3813 nec
555 3770 734 3813 certiore
750 3771 911 3817 ratione
927 3778 965 3819 ei
981 3777 1112 3832 potest
1128 3778 1294 3821 diutur-
1353 3785 1455 3826 tem,
1470 3789 1561 3818 cum
1577 3772 1913 3816 Germanicarum
1928 3771 2284 3828 perturbationum
2299 3771 2386 3827 spe.

261 3832 363 3879 nitas
378 3830 615 3888 comparari·
632 3831 768 3889 Quam
780 3832 950 3888 gloriam
966 3837 1165 3896 liaereticis
1179 3850 1293 3883 com·
1353 3837 1483 3879 <stator
1506 3862 1520 3889 ,
1558 3832 1908 3891 maximorumque
1932 3829 2187 3876 consiliorum
2219 3829 2383 3934 apditor

919 3919 926 3924 -
2253 3903 2326 3935 ue-
