2664 4114
978 223 1516 341 Cosentina.

184 335 262 386 tis,
278 332 506 391 :privilegiis
521 364 535 389 ,
560 338 881 394 exemptionibus
896 367 911 388 ,
930 338 1207 390 libertatibus,

181 396 324 449 quibus
365 396 449 438 aliae
472 396 656 454 ejusdem
686 397 850 441 Ordinis
883 403 924 439 δ.
953 399 1086 440 Clarae
1114 406 1206 443 Mo-

182 453 342 502 nialeS,
366 456 412 495 -&
434 454 505 496 sub
535 470 632 499 cura
659 457 862 498 ordinarii
878 459 1076 512 degentes
1102 459 1177 500 frui
1194 486 1209 509 a

181 512 226 555 4&
242 513 424 565 gaudere
445 513 576 557 solent
592 543 606 566 ‚
623 513 780 570 potsunt
796 541 812 564 ‚
835 515 875 555 &
896 527 1088 566 poterunt
1104 531 1207 572 quo—

182 571 412 613 modolibet
445 574 485 615 in
523 571 730 620 futurum,
763 571 842 613 sine
877 574 1018 629 aliqua
1049 574 1207 630 prorsus

180 627 413 672 differentia
441 630 546 682 frui,
578 633 731 686 potiri,
759 632 799 670 &
826 632 1005 686 gaudere
1031 634 1175 688 poffint
1192 661 1206 684 ‚

178 688 220 728 &
245 688 411 731 valeant
428 717 443 740 ,
466 691 574 744 quali
602 688 670 731 sub
696 702 791 731 cura
820 693 860 730 δι
885 692 1083 746 gubernio
1111 692 1204 732 dieti

177 745 344 789 ordinis
374 747 598 803 Superior-is
628 747 847 789 existerent
873 762 888 800 3
922 762 995 790 nec
1023 745 1204 803 ‘desuper

176 806 201 848 i
223 806 371 859 quovis
396 806 467 848 ‘sub
495 815 689 860 pretextu
709 834 723 857 ‚
755 808 868 848 causa
884 833 899 858 ,
927 808 967 847 δι
999 809 1205 851 occafione

175 874 415 918 quacunque
439 864 641 907 molestari
655 891 669 914 ,
688 865 947 919 perturbari,
964 866 1029 907 vel
1052 866 1206 922 inquies

172 920 255 962 'tari
282 921 456 976 pollint,
483 935 529 964 ac
557 923 718 964 irritum
744 922 1028 974 decernimus,
1053 926 1094 966 δι
1116 926 1203 966 ina-

175 989 257 1031 fle,
283 979 482 1036 quidqu-id
505 981 621 1024 {ecus
647 981 764 1037 supet·
792 983 850 1024 his
876 983 896 1024 ὲ
917 997 1081 1039 quoque
1106 996 1203 1039 qua-

176 1039 236 1079 vis
254 1040 499 1082 aucteritate
524 1037 702 1083 scienter
717 1069 732 1093 ,
758 1042 822 1083 vel
850 1044 1082 1097 ignoranter
1103 1055 1200 1082 con-

175 1097 318 1151 tigerit
341 1099 532 1141 attentari
555 1111 570 1152 3
605 1103 696 1141 Non
720 1099 965 1142 obstantibus
991 1099 1201 1142 Constitu-

174 1156 375 1205 tionibus„
389 1157 718 1199 Ordinationibus
735 1157 975 1212 Apostolicis
991 1186 1006 1209 ‚
1029 1172 1074 1201 ac
1095 1154 1202 1212 ejus-

176 1214 270 1255 dem
300 1214 562 1266 Memfim-ii,
593 1216 633 1255 &
660 1214 824 1257 Ordinis
850 1243 864 1267 ,
895 1214 1017 1257 etiam
1050 1215 1198 1259 solitu

174 1270 482 1314 confirmatione
509 1272 740 1328 Apostolica
758 1303 774 1324 ,
807 1274 870 1316 vel
900 1276 1039 1329 quavis
1066 1278 1201 1317 aucto-

175 1330 297 1373 ritate
324 1330 402 1372 alia
429 1331 628 1375 roboratis
659 1333 867 1389 statutis,³
897 1333 937 1373 δε
966 1330 1201 1381 Consuetu-

948 1465 1171 1531 ΝΟ

1267 344 1455 394 dinibus‚
1485 343 1704 399 privilegiis
1726 350 1911 400 quoque,
1939 341 2142 394 indultis,
2168 345 2208 383 &
2231 342 2301 384 lit:

1266 403 1367 444 teris
1392 403 1632 456 Apostolicis
1661 404 1794 445 eidem
1822 402 2070 445 Monasterio
2088 430 2102 453 ‚
2134 402 2173 442 &
2196 400 2300 456 ejus-

1268 462 1361 503 dem
1387 461 1551 502 Ordinis
1583 461 1827 505 Monialibus
1858 460 2058 516 quibusvis
2085 488 2100 511 ,
2140 460 2177 499 δι
2203 459 2294 500 aliis

1266 520 1307 560 in
1327 520 1574 562 contrarium
1598 518 1876 573 praemissorum
1899 518 2173 574 quorumlibet
2193 531 2295 559 con-

1268 578 1406 627 ceffis,
1423 575 1695 624 confirmatis,
1718 579 1753 617 &
1774 578 2027 632 approbatis,
2043 577 2186 634 quibus
2208 589 2296 616 om·-

1269 637 1414 686 nibus,
1439 636 1479 674 &
1497 633 1654 686 fingulis
1679 648 1822 675 eorum
1847 646 2009 679 tenores
2032 634 2297 693 presentibus

1267 706 1342 748 pro
1367 689 1556 747 expressis
1583 693 1779 733 habentes
1797 694 1868 735 hac
1887 695 1976 736 vice
1997 695 2197 742 duntaxat
2213 690 2299 746 spe-

1265 750 1426 792 cialiter
1451 751 1491 789 &
1523 748 1707 802 expresse
1738 750 1980 805 derogamus
2005 781 2018 805 ,
2051 748 2300 806 coeterisque

1266 807 1482 849 contrariis
1508 803 1810 862 quibuscunque
1825 835 1837 847 .

1327 869 1477 908 Datum
1506 867 1646 906 Romae
1673 865 1778 919 apud
1805 867 1843 906 S.
1863 868 2022 909 Petrum
2051 866 2119 909 sub
2148 869 2297 909 Annu-

1264 924 1306 968 lo
1334 921 1545 966 Piscatoris
1572 923 1638 965 die
1662 938 1755 964 xxx.
1785 926 1966 981 januarii
1994 940 2162 969 moeni.
2188 929 2300 969 Pone

1263 981 1439 1027 tificatus
1470 981 1602 1024 Nostri
1631 986 1751 1024 Anno
1779 982 2021 1025 undecimo.

1320 1100 1533 1153 Exemplar
1561 1099 1749 1143 Amben't.
1775 1101 1817 1140 in
1854 1099 2021 1141 Archivo
2061 1100 2289 1154 Monasterii

1378 1158 1614 1201 Monialium
1639 1157 1997 1214 sapradieiarum
2029 1159 2081 1208 &³
2108 1161 2223 1200 aliud
2250 1164 2293 1199 in

1380 1216 1552 1282 (Irchtvo
1573 1217 1669 1259 ord.
1686 1220 1874 1260 Armorio
1897 1218 2113 1260 Provincia
2142 1213 2295 1263 Cosen÷

1379 1283 1488 1321 tina.

1264 1463 1514 1530 TA:

171 1598 218 1687 I
230 1601 320 1638 Nter
335 1600 399 1637 alia
417 1601 632 1640 Documenta
652 1604 687 1639 in
701 1604 843 1652 regestis
862 1605 899 1642 S.
914 1606 1097 1651 Congreg.
1111 1604 1153 1641 de
1167 1604 1233 1640 hoc
1249 1602 1460 1640 monasterio
1477 1602 1679 1639 conservata
1690 1624 1703 1644 ,
1718 1602 1802 1640 nota
1817 1602 1959 1650 dIgnior
1983 1602 2123 1640 videtur
2142 1603 2293 1650 Epistola

246 1649 388 1685 Vicatio
403 1650 564 1687 Generali
585 1652 704 1698 scripta
716 1678 727 1696 ,
749 1664 786 1689 ut
810 1653 956 1701 sequitur
968 1678 979 1691 .

270 1697 358 1735 Cum
382 1697 555 1734 Mom‘ales
583 1700 765 1749 Capucinae
791 1700 991 1751 Monasterii
1011 1701 1055 1737 B.
1077 1698 1239 1748 Virginis
1262 1699 1434 1737 Civitatis
1459 1698 1592 1737 Montis
1619 1696 1701 1739 Aln
1728 1697 1822 1747 istius
1852 1699 1992 1748 Dioecefi
2015 1699 2108 1747 apud
2127 1700 2167 1737 S.
2195 1700 2291 1737 Con-

168 1746 406 1795 gregationem
424 1746 566 1793 fuerint
582 1749 782 1799 conquesta,
803 1750 892 1798 quod
913 1751 1145 1788 Communitas
1172 1748 1193 1784 ὰ
1218 1748 1504 1800 pluribus-‘annis
1528 1760 1610 1793 40³·
1634 1759 1751 1783 annua
1767 1749 1892 1794 scuta,
1913 1760 1985 1795 quae
2009 1750 2145 1785 virtute
2165 1749 2294 1798 Instru-

173 1795 279 1831 merm'
301 1795 408 1841 rogiti
429 1795 475 1829 iis
495 1796 534 1831 in
551 1804 750 1844 perpetuum
772 1798 893 1841 debet,
910 1799 1047 1848 salvere
1071 1797 1283 1844 neglexerit,
1309 1798 1349 1832 E.
1362 1797 1402 1833 E.
1427 1798 1581 1836 ‘Domini
1604 1798 1667 1830 mei
1697 1796 1739 1831 Ei
1754 1795 1774 1831 ἃ
1797 1808 1846 1831 me
1861 1798 1974 1843 scribi
1994 1795 2188 1846 jufferunt,
2213 1809 2298 1845 qua—

173 1852 275 1879 tenus
297 1843 387 1878 omm‘
410 1842 487 1888 nisu
501 1868 510 1880 ‚
536 1846 751 1892 omnibusque
777 1849 974 1893 opportunis
994 1847 1152 1884 remediis
1168 1845 1395 1887 Oracricibus
1415 1844 1583 1894 satisfieri
1594 1854 1692 1881 curet
1708 1868 1720 1890 ,
1743 1855 1913 1893 quatenus
1936 1846 1979 1887 ἐς·
2004 1848 2084 1895 ipsae
2095 1846 2173 1894 suis
2188 1845 2298 1894 neces-

164 1890 326 1943 fifatibus
339 1890 524 1936 providere
550 1891 691 1929 valeant
705 1917 716 1929 .
743 1892 857 1929 Romae
880 1894 945 1930 XI.
971 1893 1069 1944 ‘Julii
1089 1895 1190 1942 1653.

268 1984 323 2023 Ex
343 1982 433 2034 Reg.
445 1987 579 2025 Sec-ret.
593 1988 762 2038 Congreg.
778 1989 888 2039 Episc.
898 1990 941 2033 ὠ·
950 1989 1080 2039 Regul.
1092 1991 1192 2042 mens.
1209 1993 1252 2036 (θ’
1265 2005 1322 2030 an.
1333 1993 1442 2044 praed.
1452 1991 1516 2042 fol.
1532 2007 1547 2042 3
1555 2008 1572 2044 3
1583 2005 1613 2040 3.

174 2119 290 2134 —
755 2121 869 2135 —

177 2213 496 2264 Concordiam
537 2218 658 2265 circa
693 2220 1004 2271 Donationem
1041 2222 1207 2271 Rutilii

250 2282 433 2333 Caballi
466 2301 548 2351 pro
588 2283 924 2338 constructione
953 2310 1082 2340 novae
1115 2297 1208 2341 Do-

247 2351 351 2402 miis
389 2356 656 2405 Amantheae
696 2352 861 2406 factam
898 2363 1146 2430 approbat.

182 2494 687 2548 GREGORIUS
735 2501 1203 2556 EPISCOPUS

430 2624 578 2665 Servus
610 2625 832 2669 Servorum
866 2629 943 2671 Dei

179 2738 338 2781 Ditem
354 2738 457 2783 Filio
479 2740 629 2781 Vicat-io
653 2743 883 2786 Venerabilis
899 2747 1058 2789 Fratris
1074 2746 1208 2803 Nostri

208 2796 388 2854 Episcopi
404 2796 617 2854 Tropcensts
632 2802 674 2839 in
685 2803 970 2856 spiritualibus
992 2808 1179 2849 Generale·

395 2857 571 2897 Salutem
595 2885 609 2908 ‚
650 2860 703 2907 &¹
735 2861 993 2916 Apostolicam

528 2917 835 2960 Benediffionem
851 2947 864 2960 .

181 3032 319 3145 EX
346 3031 461 3075 solita
498 3032 612 3077 Sedis
642 3034 883 3090 Apostolicae
918 3036 1206 3092 providentia-³

310 3090 362 3134 ad
388 3105 435 3133 ea
453 3120 468 3143 ,
493 3106 566 3146 per
585 3106 669 3148 quae
686 3096 900 3148 praesertim
916 3096 1206 3139 decedentium

186 3150 420 3192 voluntates
462 3164 554 3192 cum
598 3153 738 3193 Divini
775 3152 921 3196 Cultus
961 3166 1207 3211 augmentO‚

186 3208 430 3249 executione
457 3207 598 3252 debita
633 3223 711 3252 non
739 3209 1008 3264 frustrentur,
1040 3216 1078 3254 &
1117 3218 1208 3256 Sta-

185 3274 251 3306 tus
280 3263 573 3321 Religiosorum
597 3295 610 3317 ‚
644 3270 682 3309 in
711 3271 878 3313 unitatis
906 3272 1056 3325 Spiritu
1087 3268 1208 3314 Altifi-

185 3322 283 3365 fimo
309 3323 589 3367 famulantium
616 3339 692 3367 non
718 3327 844 3369 solum
867 3329 1015 3384 ubique
1037 3330 1209 3380 floreat,

185 3379 255 3423 sed
284 3383 408 3425 etiarn
445 3384 617 3426 authore
652 3385 826 3427 Domino
854 3385 1041 3429 felicibus
1077 3389 1210 3430 incre-

187 3441 334 3482 mentis
372 3440 557 3497 proficiat
584 3471 599 3492 ,
643 3456 689 3484 ac
729 3444 897 3486 aliarum
938 3446 1209 3501 quarumlibet

192 3498 462 3542 Personarum
480 3528 494 3551 ‚
519 3501 640 3543 animi
666 3503 930 3559 corporisque
960 3505 1086 3559 quieti
1109 3518 1207 3546 con-

190 3555 373 3611 sulatur,
402 3558 556 3602 Nostra:
581 3558 753 3602 solertiae
778 3575 913 3604 curam
943 3563 1118 3606 libenter
1145 3562 1208 3603 di-

193 3614 387 3668 rigimus,
415 3619 455 3660 &
481 3618 526 3664 iis
543 3646 558 3669 ‚
589 3633 671 3674 quae
699 3618 857 3676 propria
878 3620 1098 3663 concordia
1125 3631 1208 3662 ter-

192 3674 344 3716 minata
373 3674 560 3728 fuerunt,
590 3690 635 3721 ut
661 3678 773 3723 firma
792 3711 806 3732 ,
838 3683 877 3723 ἃ,
905 3681 1059 3723 illibata
1087 3677 1208 3734 perfi-

192 3729 326 3786 stant‚
355 3737 582 3782 muniminis
614 3739 834 3794 praefidium
862 3738 1095 3797 propensius
1131 3738 1207 3779 im-

193 3796 418 3844 partimur.

1105 2125 1349 2138 —v—

1328 2221 1518 2262 Exhibita
1540 2205 1674 2262 Nobis
1702 2233 1833 2275 nuper
1861 2232 1934 2274 pro
1962 2229 2078 2273 parte
2113 2216 2300 2259 Dileetos'

1268 2292 1358 2321 rum
1389 2279 1583 2321 filiorum
1620 2279 1740 2319 Mutii
1767 2307 1781 2330 ‚
1821 2279 1858 2318 &
1888 2278 2092 2319 Vincentii
2132 2276 2296 2317 Caballi

1269 2336 1499 2379 Incolarum
1529 2335 1748 2391 Tropeens.
1778 2333 1842 2378 seu
1874 2335 2041 2376 alterius
2070 2334 2292 2383 Civitatis,

1202 2413 1205 2420 ·
1267 2398 1306 2437 &
1340 2395 1530 2437 Dioecefis
1564 2396 1710 2449 petitio
1745 2394 2018 2443 continebat,
2050 2392 2157 2448 quod
2193 2391 2292 2432 alias

1264 2455 1317 2496 de
1341 2468 1449 2495 anno
1477 2467 1621 2494 Mncv.
1651 2460 1747 2493 tunc
1775 2452 1812 2492 in
1840 2450 2020 2492 humanis
2052 2463 2172 2504 agens
2203 2451 2292 2491 Ru-

1267 2513 1377 2553 tilius
1403 2511 1597 2552 Caballus
1624 2511 1767 2551 Laicus
1788 2538 1803 2558 ,
1836 2509 1932 2550 dum
1960 2507 2088 2558 vixit,
2117 2509 2256 2548 Terrae
2275 2532 2291 2555 3

1260 2570 1496 2613 Amantheae
1524 2579 1792 2623 nuncupatae,
1824 2568 1933 2608 dietae
1952 2568 2153 2620 Tropeen.
2174 2567 2291 2606 Dioe-

1260 2629 1358 2670 celis
1387 2627 1630 2669 testamento
1656 2626 1720 2669 vel
1744 2626 1842 2669 alias
1857 2627 2072 2668 donatione
2095 2622 2148 2664 de
2175 2623 2289 2664 bonis

1267 2689 1290 2730 a
1319 2690 1409 2728 Deo
1435 2685 1503 2726 sibi
1532 2686 1692 2726 collatis
1713 2713 1728 2735 ,
1761 2696 1856 2727 tunc
1893 2683 2157 2725 existentibus
2184 2684 2291 2735 Syn-

1268 2745 1370 2786 dicis
1391 2746 1504 2785 dietae
1531 2745 1666 2785 Terrae
1694 2743 1805 2784 mille
1833 2746 2012 2787 Ducatos
2039 2750 2211 2783 monetae
2239 2741 2292 2781 il.

1268 2803 1395 2846 larum
1421 2804 1624 2855 partium,
1651 2802 1700 2842 ad
1727 2800 1911 2843 effeetum
1940 2801 2029 2843 illos
2054 2799 2291 2854 expendenss

1267 2860 1309 2900 di
1338 2862 1376 2899 in
1398 2859 1731 2900 constructionem
1763 2858 1913 2900 Domus
1944 2862 2129 2900 Fratrum
2157 2857 2291 2898 Minos

1268 2931 1355 2959 rum
1381 2918 1677 2970 Capucinorum
1711 2929 2026 2972 nuncupatorum
2052 2917 2255 2969 inceptam
2272 2940 2291 2963 ‚-

1267 2976 1335 3019 vel
1369 2976 1406 3015 in
1441 2974 1550 3016 illam
1593 2975 1765 3016 construi
1803 2973 2025 3018 faciendam
2060 2978 2287 3026 tempore3

1267 3048 1348 3093 quo
1373 3036 1486 3076 Crux
1522 3034 1774 3091 plantaretur
1795 3061 1808 3084 ‚
1846 3036 1885 3075 &
1910 3033 2059 3075 deinde
2088 3031 2287 3080 ducentos

1269 3097 1449 3136 Ducatos
1478 3107 1552 3147 pro
1578 3093 1737 3147 singulis
1764 3093 1873 3133 annis
1890 3093 2010 3146 usque
2033 3088 2082 3130 ad
2099 3087 2289 3128 summam

1268 3155 1518 3195 Ducatorum
1552 3161 1616 3191 ter
1650 3150 1764 3191 mille
1786 3177 1800 3199 ,
1835 3150 1967 3191 donec
1994 3147 2098 3188 dieta
2131 3147 2290 3186 Domus

1267 3208 1564 3266 perficeretur,
1595 3222 1667 3263 per
1695 3208 1894 3249 haeredem
1924 3205 2037 3260 ejus,
2068 3204 2133 3247 seu
2162 3203 2291 3243 haere-

1267 3269 1339 3310 des
1362 3267 1573 3308 solvendos
1589 3296 1603 3316 ,
1630 3265 1735 3320 iique
1758 3264 1908 3320 aliquid
1932 3278 2006 3318 pro
2026 3261 2286 3306 construetio-

1270 3340 1319 3368 ne
1342 3324 1494 3366 Domfis
1516 3320 1739 3378 hujusmodi
1767 3321 2037 3365 continuanda
2064 3319 2286 3370 deficeret,

1269 3383 1392 3439 usque
1419 3383 1470 3423 ad
1501 3383 1608 3424 illius
1637 3376 1923 3436 perfectionem
1954 3383 1991 3423 in
2015 3378 2288 3422 contributio-

1268 3456 1320 3486 ne
1347 3441 1530 3498 praedifta
1557 3440 1642 3497 ejus
1674 3439 1853 3481 haeredes
1886 3439 2126 3481 continuare
2159 3437 2287 3478 debe-

1270 3511 1391 3551 rent3
1419 3498 1445 3539 st
1464 3500 1563 3541 vero
1584 3499 1694 3538 dictae
1712 3498 1864 3539 Domui
1886 3499 2110 3540 constructae
2131 3493 2285 3548 aliquid

1267 3555 1569 3613 supereffet,ad
1592 3556 1792 3597 haeredem
1813 3555 1877 3598 seu
1893 3555 2069 3599 haeredes
2083 3553 2167 3609 ejus
2190 3566 2287 3608 prae-

1268 3619 1392 3660 dictos
1419 3613 1613 3658 devenire
1640 3613 1815 3657 deberet
1833 3643 1846 3666 ,
1873 3615 2069 3664 donavit,
2097 3612 2291 3664 dietoque.

1269 3675 1429 3718 Rutilio
1466 3673 1586 3714 rebus
1624 3673 1806 3715 humanis
1845 3675 2087 3727 exsumpto,
2118 3672 2154 3712 &
2187 3678 2291 3708 tunc.

1266 3732 1488 3789 superstite
1504 3731 1612 3786 Julio
1627 3729 1799 3783 Caesare,
1817 3732 1940 3774 etiam
1959 3729 2133 3773 Caballo
2146 3752 2159 3774 a
2172 3725 2286 3778 ipfius

1268 3792 1412 3837 Rutilii
1439 3792 1584 3833 Fratre
1612 3791 1849 3843 Germano,
1878 3792 1919 3835 in
1947 3788 2056 3831 suum
2082 3782 2285 3882 haerqdem

2131 3855 2174 3885 re
2196 3855 2226 3881 ι-
