2664 4114
947 185 1664 303 Neapolitana:

2186 230 2287 290 *11

226 295 398 346 peritique
423 298 557 343 populo
583 294 842 345 argumentum''
854 297 992 345 reliquit
1013 304 1196 345 credendi,
1218 308 1312 351 quod
1326 332 1341 350 ,
1361 321 1446 355 quas
1462 323 1557 347 amor
1582 316 1617 350 in
1641 311 1717 349 vita
1731 334 1745 358 ,
1765 312 1803 351 8<
1824 314 1926 363 quies
1951 319 2033 364 p'ost
2049 323 2198 356 mortem
2212 320 2351 367 conjun,

231 355 349 391 geret,
375 346 563 382 eommunis
596 349 663 384 Dei
683 348 843 387 Societas
866 358 941 382 non
963 348 1133 386 divideret
1154 379 1162 387 .

327 397 452 439 Agunt
465 394 517 449 ‘de
538 407 577 431 ea
604 396 772 432 Boverius
792 405 880 430 tom·
895 397 1071 451 '12Annah
1086 398 1148 435 fol·
1162 401 1243 437 mlh!
1259 412 1338 460 273·
1353 405 1386 441 8<
1404 417 1482 455 324.
1510 409 1714 455 Mencolog.
1731 413 1983 449 franciscanum
2000 415 2155 451 formabi
2174 428 2274 464 1435.
2288 418 2357 453 Le-'

231 441 336 488 gend.
357 442 519 479 francisc.
534 444 575 484 ad
591 442 768 488 mens-Iul.
783 440 844 477 fol.
860 443 940 477 mihi
957 443 1034 490 368.
1052 446 1345 496 Martyrologiurn
1371 455 1538 494 francisc.
1566 459 1608 493 ad
1623 459 1711 494 diem
1727 462 1959 497 21.1)ecemb.
1979 463 2038 497 fol.
2055 465 2138 499 mihi
2153 468 2235 501 622.
2247 467 2351 502 cosa.

231 488 444 538 Gynaeceum
475 489 592 527 franc.
614 492 657 527 ad
689 489 836 525 eundem
859 489 948 526 diem
972 491 1035 528 fol.
1063 496 1143 530 mihi

1166 508 1247 544 509-
1275 502 1344 535 col.
1366 513 1398 537 2.
1427 505 1557 539 Histor.
1585 507 1710 541 Cleric.
1747 510 1915 551 Regulu-
1940 510 2102 546 Theatin.
2120 513 2355 560 lib.1.cap.4.

234 536 297 573 foi.
322 538 403 573 mihi
425 548 482 585 24.
506 539 616 595 Coesar
643 537 843 594 qengbenius
869 539 904 574 in
924 540 1085 596 Neapoli
1109 544 1211 581 Sacra
1235 571 1245 582 .
1271 548 1458 593 Wadingus
1482 562 1564 586 tom.
1589 555 1702 588 annal.
1733 553 1890 592 16.·‘edir.
1917 569 2014 594 novas
2058 559 2123 595 fol.
2150 561 2231 596 mihi
2268 571 2353 607 437.

230 585 268 621 &
296 595 381 638 tom.
413 589 466 624 18.
494 595 758 624 continuationis
794 585 856 623 fol.
891 589 972 623 mihi
998 600 1057 637 52.
1079 592 1256 639 Ughellus
1280 595 1317 631 in
1340 599 1415 634 ltal.
1439 599 1520 636 Sac.
1542 597 1625 633 edit.
1655 601 1716 635 ult.
1743 611 1827 638 tom.
1858 605 1890 639 6.
1917 605 1977 641 fol.
2005 605 2086 643 mihi
2115 619 2195 655 154·
2219 611 2287 646 col.
2317 618 2352 644 2.

225 826 339 875 Non
361 787 596 881 obstante,
623 824 747 892 quod
766 827 1008 894 Privilegia
1039 828 1254 895 praediRa

223 950 226 953 Δ
291 911 374 961 per
386 911 417 938 =
429 892 476 944 ὅ(
495 890 575 943 sub
589 912 783 944 erroneo
800 898 1002 955 motivo,
1016 898 1137 964 quod
1151 902 1260 948 Mo·

292 965 433 1013 niales
453 966 682 1032 Regulam
704 968 850 1016 Tertii
874 967 996 1016 ord.
1021 971 1262 1018 S.P.Fran-

293 1032 400 1084 cisci
433 1034 758 1101 profiterentur
778 1073 793 1095 ‚
829 1034 997 1085 fuerint
1025 1036 1224 1088 concessa
1239 1074 1258 1097 ,

289 1105 370 1152 illa
400 1107 548 1153 valere
575 1104 776 1154 declarat
797 1141 814 1163 ,
852 1123 922 1153 cas
953 1107 997 1154 in
1033 1109 1254 1174 Regula-i

287 1176 336 1221 S.
359 1174 510 1221 Clarae
543 1173 758 1238 primi‘&
792 1175 1042 1224 Stristioris
1063 1176 1257 1228 Ordinis

287 1239 475 1300 firmat,
512 1239 559 1298 ὅ(
578 1260 632 1294 ne
664 1245 761 1294 ullo
791 1263 990 1312 unquam
1020 1260 1257 1316 tempore,

292 1312 432 1360 ctiam
465 1331 518 1362 ex
550 1313 864 1382 urgentiffima
895 1313 1026 1365 causa
1044 1352 1061 1376 ,
1091 1315 1116 1367 ὃ
1149 1322 1257 1369 Μο-

289 1380 480 1433 nasterio
509 1382 769 1445 discedant,
798 1384 943 1439 sancit
963 1423 976 1439 .

255 1513 701 1569 PAULUS
784 1519 1044 1568 PAPA
1118 1500 1222 1569 1'v.

360 1641 532 1684 Dileffic
554 1645 597 1683 in
626 1643 776 1699 Christo
800 1643 918 1686 Filiae
938 1644 1111 1694 lblutem
1167 1671 1170 1673 Δ
1231 1675 1234 1677 >

417 1701 464 1748 θ’
477 1701 730 1758 qullolicam
742 1701 1060 1745 Benedmionem.

348 1817 440 1861 Lias
453 1845 467 1868 ,
480 1819 688 1876 postquam
704 1818 773 1862 fel.
789 1835 869 1864 rec·
886 1819 1035 1863 Paulus
1052 1823 1158 1877 Papa
1172 1817 1258 1865 111'.

349 1876 616 1921 Praedeceffor
632 1879 762 1923 noster
778 1908 792 1930 ‚
807 1881 1093 1922 [nonasterium
1110 1880 1178 1924 snb
1195 1884 1256 1924 in-

212 1931 432 1978 vocatione
451 1938 584 1979 Beatae
600 1940 735 1981 Ma'riae
753 1939 790 1980 in
806 1936 1028 1998 Jerusalem
1043 1940 1146 1994 apud
1166 1944 1255 1984 Ho-

212 1993 367 2046 spitale¹
391 2009 611 2051 pauperum
650 1996 897 2045 infirmorum
937 1999 1257 2050 incurabilium.

215 2049 398 2106 ejusdem
426 2057 577 2097 Sanetae'
599 2057 799 2100 Maria-de
821 2057 979 2112 Populo
998 2060 1264 2113 Neapolitan.

221 2111 263 2151 in
290 2111 468 2168 quodam
494 2114 588 2157 loco
612 2116 710 2173 inibi
739 2130 810 2169 per
834 2117 1035 2171 quondam
1055 2120 1258 2163 Mariam...

214 2170 481 2213 Laurentiam
499 2199 514 2221 ,
535 2173 633 2215 olim
648 2172 893 2217 Abbatlssam
909 2175 1003 2218 dieii
1023 2178 1257 2221 Monasterii

213 2227 552 2287 delignato,·jam
583 2240 680 2275 tunc
710 2234 883 2276 construi
914 2234 1151 2291 inceptum,
1182 2251 1255 2290 pro

214 2299 290 2327 una
314 2287 515 2337 Abbatiffa
539 2291 578 2330 δε
606 2303 667 2334 12.
688 2291 931 2347 Monialibus
961 2295 1077 2336 Terti
1091 2295 1258 2338 Ordinis

211 2344 255 2384 S.
271 2345 468 2389 francisci
493 2348 604 2405 juxta
622 2350 824 2404 Regulam
850 2354 1000 2395 Saneiae
1016 2353 1148 2396 Clarae
1175 2357 1252 2396 tria

142 2416 153 2429 *
213 2412 311 2445 vota
339 2407 534 2460 regularia
560 2408 656 2449 disti
673 2408 839 2450 Ordinis
870 2410 1182 2465 profitentibus,
1210 2414 1249 2455 in

213 2476 381 2518 quarum
395 2478 569 2507 numero
590 2466 744 2521 septem
766 2471 995 2518 conversae,
1022 2473 1061 2512 δε
1076 2471 1252 2513 servien-

212 2531 276 2563 tes
304 2523 439 2565 eidem
469 2524 716 2567 Monasterio
745 2540 817 2580 per
845 2528 1017 2568 eandem
1043 2529 1251 2571 Mariam-.-

211 2580 473 2623 Abbatiffam
485 2583 726 2638 deputandae
740 2599 819 2626 non
841 2586 1249 2641 comprehenderen-

213 2650 280 2681 tur
295 2670 309 2690 ,
336 2641 375 2681 &
398 2655 485 2696 quae
507 2642 603 2683 inibi
627 2643 692 2684 sub
715 2644 891 2699 regulari
917 2643 1171 2688 observantia
1188 2646 1250 2688 di-

212 2699 265 2739 &i
283 2698 475 2750 Ordinis,
501 2703 538 2741 &
565 2712 764 2756 perpetua
792 2702 982 2746 clausura
998 2731 1012 2754 ‚
1042 2718 1087 2745 ac
1110 2711 1250 2758 prote-

212 2757 347 2798 ctione
375 2758 490 2800 Sedis
522 2759 796 2812 Apostolicae,
827 2761 865 2800 &
892 2763 1007 2804 unius
1035 2761 1249 2803 Confesso-

211 2815 267 2857 ris
296 2816 527 2866 saecularis,
559 2817 626 2857 vel
653 2818 865 2871 Regularis
898 2833 970 2872 pro
997 2818 1116 2861 Miffis
1136 2819 1247 2860 cele-

212 2873 400 2924 brandis,
426 2876 465 2916 δε
479 2872 783 2917 confessionibus
798 2875 1031 2924 audiendis,
1047 2890 1092 2916 ae
1109 2880 1247 2917 Sacra-

211 2934 358 2975 mentis
381 2932 650 2975 ministrandis
665 2933 890 2982 duntaxat,
904 2934 942 2974 in
962 2933 1249 2975 Sacerdotio&

213 3000 330 3033 aetate
360 2995 549 3046 proveeta
578 2992 815 3043 constituti,
844 2991 1163 3048 exemplarisque
1191 2993 1248 3032 vi-

213 3060 261 3090 tae
280 3051 317 3090 &
335 3051 558 3105 Religionis
573 3050 780 3093 Zelaroris
794 3079 805 3100 ,
823 3064 896 3105 per
921 3052 1066 3092 dinam
1083 3051 1254 3091 Mariam

213 3108 486 3159 Abbatiffam,
517 3109 704 3165 quamdiu
737 3112 926 3156 viveret,
952 3111 989 3149 &
1015 3108 1167 3150 deinde
1186 3122 1256 3161 per

214 3164 462 3208 Abbatiffam
482 3195 496 3217 ,
528 3182 574 3208 ac
606 3166 798 3222 majorem
832 3178 987 3219 partem
1018 3167 1252 3207 Monialium

211 3221 472 3280 professarum
489 3226 716 3267 Monasterii
733 3224 956 3278 hujusmodi
973 3225 1168 3279 eligendi,
1181 3223 1252 3266 Al-

213 3282 357 3326 tiffimo
380 3281 699 3332 famularentur,
726 3281 806 3323 fine
829 3282 998 3334 alicujus
1016 3283 1251 3338 praejudicio

217 3351 404 3383 erexerat
433 3353 448 3392 3
480 3354 525 3381 ac
552 3342 619 3394 ipsi
649 3344 782 3382 Mariae
809 3341 1023 3381 Abbatiflae
1049 3369 1063 3389 ‚
1095 3353 1137 3383 ut
1170 3338 1252 3380 vita

212 3398 282 3442 fisa
317 3399 491 3450 durante
520 3398 810 3440 Monasterium
847 3396 1106 3450 hujusmodi,
1139 3398 1250 3449 cujus

215 3458 416 3501 Moniales
434 3458 499 3511 ipfi
525 3468 712 3512 tanquam
733 3455 852 3496 Matri
877 3457 915 3496 &
930 3457 1250 3512 Superioriobe-

215 3515 568 3558 diretenerentur
585 3546 599 3568 ,
626 3528 768 3570 regere
785 3528 832 3555 ac
846 3514 1073 3568 gubernare
1085 3540 1098 3562 ,
1113 3528 1159 3555 ac
1175 3527 1250 3568 pro

216 3575 441 3627 regimine,
466 3579 546 3616 ritu
566 3604 578 3624 ,
608 3574 783 3614 moribus
799 3600 811 3622 ,
842 3573 1011 3625 regulari
1035 3573 1249 3613 observan-

216 3631 272 3671 tia
287 3659 299 3679 ,
325 3632 548 3675 &illarum
575 3631 832 3673 instructione
850 3643 968 3671 unam
988 3629 1052 3671 vel
1069 3632 1167 3670 duas
1181 3643 1252 3669 cu·

215 3686 334 3745 jusvis
348 3690 514 3732 Ordinis
532 3689 744 3733 Moniales,
758 3689 806 3730 ad
826 3688 862 3730 id
881 3688 1124 3729 voluntarias
1137 3717 1152 3738 ,
1167 3700 1252 3741 quae

214 3746 272 3788 de
288 3746 443 3789 suorum
459 3749 722 3802 Superiorum
736 3745 904 3791 licentia
930 3745 981 3788 ad
995 3746 1142 3789 dictum
1158 3748 1253 3787 Mc.-

336 3806 440 3848 Tom.
468 3808 545 3850 111.

1397 734 2354 760 —wq—*na*

1316 830 1533 872 nasterium
1553 833 1590 874 se
1609 832 1829 877 transferre
1845 838 2053 890 valerent,
2070 857 2142 895 pro
2157 843 2205 885 ea
2223 844 2353 900 prima.

1319 888 1410 929 vice
1434 890 1635 943 postulare
1651 920 1664 942 ,
1688 893 1727 931 &
1744 907 1860 935 unam
1876 909 1923 937 ex
1950 897 1995 937 iis
2019 909 2202 954 tempore
2217 901 2354 944 obitus

1322 943 1378 987 sui
1400 947 1440 988 in
1456 949 1704 990 Abbatiffam
1729 951 1884 1006 eligere
1898 955 1934 994 &
1950 955 2147 1010 deputare
2164 988 2178 1009 ,
2197 961 2237 1000 &
2255 974 2355 1001 non-

1322 1004 1431 1046 nulla
1455 1006 1530 1047 alia
1555 1016 1651 1048 tunc
1678 1010 1855 1063 expressa
1883 1009 2063 1060 faceret,
2096 1015 2258 1072 ipseque
2276 1031 2353 1058 nu-

1317 1075 1450 1103 merus
1476 1063 1747 1107 duodenarius
1763 1069 1898 1122 augeri
1921 1082 2003 1112 non
2021 1070 2144 1124 poffet
2162 1102 2176 1123 ,
2204 1089 2249 1116 ac
2265 1076 2352 1116 Re-

1317 1122 1446 1163 ftores
1478 1121 1574 1163 disti
1601 1122 1821 1179 Hospitalis
1850 1125 1903 1168 de
1930 1126 2109 1181 ejusdem
2133 1132 2353 1186 Hospitalis

1315 1178 1430 1220 bonis
1464 1180 1532 1235 ipss
1555 1209 1569 1232 ‚
1610 1195 1655 1222 ac
1687 1182 1896 1227 Abbatiffae
1922 1186 1961 1227 &
1989 1188 2232 1230 Monialibns
2257 1190 2355 1230 disti

1316 1237 1545 1281 Monasterii
1582 1241 1701 1282 vifiui
1740 1239 1956 1285 necessaria
1982 1273 1995 1295 ,
2028 1255 2144 1300 prout
2173 1255 2268 1289 tunc
2296 1245 2354 1289 fa-

1317 1296 1480 1338 ciebant
1498 1326 1512 1348 ,
1530 1297 1677 1354 absque
1691 1299 1942 1344 conscientiae
1958 1302 2141 1359 scrupulo
2156 1304 2352 1346 ministra-

1318 1367 1364 1396 re
1380 1384 1393 1406 ‚
1423 1356 1584 1411 ipseque
1606 1357 1818 1401 Confeffor
1840 1361 2031 1403 nonnulla
2055 1371 2148 1403 tunc
2171 1361 2351 1417 expressa

1320 1411 1454 1455 facere
1470 1416 1655 1458 valerent
1672 1444 1684 1466 ,
1699 1415 1947 1460 concefferat
1962 1433 1976 1472 3
2001 1434 2046 1462 ac
2062 1421 2353 1463 Monasterium

1320 1470 1443 1526 ipsum
1457 1500 1470 1521 ‚
1485 1473 1672 1527 illiusque
1687 1474 1790 1516 bona
1808 1504 1819 1524 ‚
1837 1490 1881 1517 ac
1898 1477 2017 1530 ipsam
2034 1480 2203 1521 Mariam
2219 1481 2258 1519 &
2272 1493 2350 1534 pro

1319 1540 1507 1584 tempore
1535 1531 1744 1575 existentes
1759 1532 2004 1576 Abban'ffam
2022 1536 2061 1575 &
2078 1537 2276 1579 Moniales
2292 1538 2358 1578 di-

1320 1580 1619 1630 &i'Monasterii
1644 1590 1710 1631 sub
1734 1591 1846 1632 Beati
1865 1593 2003 1641 Petri,
2026 1594 2192 1635 &Sedis
2215 1595 2355 1649 praedie·

1319 1648 1412 1695 ὅτε,
1436 1660 1481 1687 ac
1507 1647 1570 1689 sua
1587 1648 1839 1702 protectione
1856 1648 2105 1705 susceperat,
2135 1653 2175 1692 δε
2198 1654 2247 1694 ab
2265 1667 2355 1694 om-

1322 1704 1362 1745 ni
1390 1703 1663 1759 jurisdistione
1691 1705 2026 1762 &superioritate
2052 1710 2131 1752 loci
2148 1711 2355 1754 Ordinarii'

1321 1776 1396 1818 pro
1419 1774 1604 1819 tempore
1632 1765 1835 1807 existentis
1865 1781 1941 1822 per
1961 1767 2046 1810 suas
2073 1769 2227 1812 litteras
2256 1784 2356 1812 exe·

1320 1831 1478 1874 merat;
1505 1837 1551 1865 ac
1581 1823 1716 1866 eidem
1732 1824 2005 1869 Praedeceffori
2021 1841 2093 1882 pro
2108 1839 2225 1883 parte
2240 1828 2353 1872 dietae-

1318 1881 1455 1922 Mariae
1467 1881 1675 1924 Abbatiffae
1690 1882 1894 1938 exposito,
1918 1887 2022 1939 quod
2042 1886 2152 1933 locus
2167 1887 2352 1941 defigna-

1318 1949 1383 1982 tus
1410 1938 1622 1995 praefatus,
1650 1956 1767 1998 quem
1795 1943 1871 1996 jam
1895 1943 1998 1987 dista
2023 1946 2150 1989 Maria
2165 1946 2356 1988 Abbaziss·

1316 1998 1357 2040 vsa
1382 2000 1422 2040 &
1449 2000 1534 2042 aliae
1574 2013 1637 2044 12.
1667 2001 1866 2043 Moniales
1895 2003 1934 2043 &
1958 2004 2108 2057 septem
2135 2005 2353 2046 Conversae

1321 2057 1512 2115 praediAEtae
1544 2058 1719 2116 ingreffae
1742 2059 1913 2104 »fuerant
1937 2091 1951 2111 ,
1980 2061 2103 2103 minus
2128 2076 2250 2117 capax
2270 2064 2350 2117 *pro

1319 2117 1563 2161 Monasterio
1594 2119 1827 2162 Monialium
1864 2119 2088 2176 hujusmodi
2122 2121 2349 2171 existebat,

1319 2173 1538 2233 praesertim
1564 2192 1656 2220 cum
1685 2179 1822 2233 plures
1846 2180 1936 2221 zelo
1959 2179 2187 2221 devotionis
2210 2182 2249 2221 ὃς
2266 2181 2350 2222 Re-

1318 2236 1478 2290 ligionis
1504 2235 1669 2278 industae
1691 2247 1884 2291 cuperent
1911 2251 2076 2279 unacum
2106 2237 2186 2290 ipsa
2218 2239 2347 2280 Maria

1318 2292 1525 2336 Abbatiffa
1549 2295 1589 2336 in
1615 2295 1858 2337 Monasterio
1879 2294 2044 2350 praefato
2062 2295 2262 2339 Aliissimo
2292 2295 2353 2336 fa-

1318 2352 1491 2403 mulari,
1527 2367 1575 2395 ac
1602 2353 1735 2395 eidem
1763 2353 2043 2397 Praedeceffori
2067 2369 2141 2408 pro
2169 2354 2345 2396 eadem..

1314 2421 1430 2467 parte
1447 2412 1655 2452 humiliter
1687 2410 1908 2464 supplicato
1928 2439 1941 2460 ‚
1980 2422 2021 2451 ut
2053 2413 2343 2453 Monasterium

1311 2468 1437 2523 ipsum
1451 2495 1466 2516 ‚
1483 2479 1602 2522 prout
1617 2467 1694 2508 alia
1709 2468 1870 2510 Ordinis
1889 2469 2127 2511 Monasteria
2149 2471 2342 2523 regeban-

1311 2538 1401 2576 tur,
1424 2527 1464 2566 &
1489 2527 1842 2582 gubernabantur,
1868 2537 2079 2580 regeretur
2097 2554 2110 2577 ,
2141 2530 2176 2567 &
2194 2528 2343 2580 guber·-

1311 2594 1479 2628 naretur
1493 2613 1507 2633 ‚
1533 2585 1760 2639 opportune
1789 2586 2003 2640 providere
2020 2613 2032 2635 ‚
2047 2585 2200 2639 aliaque
2229 2583 2346 2625 infra.

1311 2644 1456 2699 scripta
1476 2642 1543 2685 fibi
1556 2643 1803 2694 concedere,
1818 2642 1870 2684 de
1885 2644 2098 2697 apostolica
2118 2642 2347 2698 benignita·

1311 2714 1353 2745 te
1383 2702 1651 2755 dignaretur,
1682 2700 1791 2741 idem
1818 2699 2085 2743 Praedecessor
2110 2701 2242 2743 noster
2268 2703 2345 2741 hu·-

1309 2759 1478 2818 jusmodi
1495 2758 1849 2813 supplicationibus
1870 2760 2085 2801 inclinatus
2098 2786 2112 2809 ‚
2127 2759 2193 2814 ipfi
2213 2758 2344 2801 Mariae

1310 2813 1521 2860 Abbatiffae
1545 2845 1559 2867 ‚
1592 2829 1677 2869 quae
1703 2815 1938 2859 infirmitate
1974 2817 2101 2858 forsan
2127 2815 2341 2858 incurabili

1310 2883 1475 2930 gravata
1491 2884 1811 2927 erat,antequam
1828 2877 1866 2916 in
1878 2872 2336 2925 Abbatissam,Matrem‚

1311 2936 1351 2974 &
1378 2932 1640 2985 Superiorem
1678 2932 2016 2974 dieiiMonasterii
2043 2933 2150 2974 idem
2179 2931 2341 2974 Praede-

1316 2988 1440 3034 ceffor
1462 3003 1550 3030 eam
1564 2987 1798 3044 praefecerat
1815 3017 1829 3039 ,
1856 2999 1900 3030 ut
1915 2990 2197 3032 Monasterium
2213 2987 2347 3042 hujus·

1314 3047 1425 3090 modi
1444 3047 1481 3088 in
1498 3060 1738 3102 quocunque
1752 3046 1832 3087 alio
1850 3047 1941 3087 loco
1954 3073 1967 3094 ,
1984 3047 2165 3087 fimiliter
2180 3045 2258 3086 fine
2271 3046 2344 3087 ali-

1315 3106 1426 3157 cuius
1447 3104 1678 3160 praejudicio
1694 3104 1863 3146 construi
1881 3102 2018 3144 facere
2042 3103 2223 3152 valeret,
2245 3117 2345 3145 con-

1315 3164 1424 3207 cessit
1438 3192 1451 3213 ,
1466 3164 1670 3218 ipsumque
1685 3161 1966 3202 Monasterium
1983 3162 2146 3202 noviter
2160 3161 2339 3202 constru-

1313 3222 1460 3264 endum
1485 3235 1558 3275 per
1573 3235 1658 3262 enm
1677 3247 1689 3268 ,
1713 3217 1888 3272 quandiu
1915 3217 2102 3268 viveret,
2130 3220 2168 3259 &
2190 3219 2341 3261 deinde

1314 3294 1386 3335 per
1404 3279 1522 3320 aliam
1541 3274 1783 3319 Abbatiffam
1798 3288 1870 3329 per
1885 3274 2001 3330 ipsius
2017 3277 2249 3319 Monasterii
2266 3290 2340 3332 pro

1314 3348 1498 3390 tempore
1512 3337 1724 3377 existentes
1743 3333 1942 3374 Moniales
1958 3334 2204 3388 eligendam,
2220 3343 2338 3388 prout

1313 3395 1389 3436 alia
1405 3393 1568 3435 Ordinis
1585 3391 1822 3434 Monastcria
1838 3393 2086 3445 regebantur
2101 3421 2116 3442 ‚
2139 3394 2177 3434 &
2192 3393 2341 3446 guber-

1312 3455 1503 3494 nabantur
1521 3478 1536 3500 ,
1562 3450 1676 3504 regi,
1701 3449 1740 3489 &
1770 3449 2006 3501 gubernari:
2042 3450 2083 3490 in
2115 3450 2339 3504 distoque.)

1313 3509 1537 3551 constructo
1553 3509 1617 3549 vel
1633 3505 1899 3548 construendo
1915 3507 2160 3550 Monasterio
2183 3521 2265 3550 non
2279 3507 2341 3546 so-

1312 3569 1396 3610 lum
1412 3565 1626 3607 duodecim
1641 3591 1655 3612 ·,
1678 3563 1744 3606 sed
1766 3563 1981 3617 &triginta
2008 3577 2091 3607 tres
2110 3565 2308 3606 Moniales
2322 3591 2337 3612 ,

1310 3629 1391 3667 fine
1408 3635 1541 3665 tamen
1556 3622 1648 3664 dieii
1665 3621 1882 3676 Hospitalis
1899 3635 2025 3664 onere
2041 3651 2055 3673 ,
2088 3621 2268 3669 includi,
2292 3620 2340 3659 il-

1315 3683 1452 3735 lasque
1478 3683 1648 3723 eandem
1667 3681 1832 3722 Mariam
1847 3679 2093 3722 Abbatiffam
2122 3678 2340 3730 recipere)

1311 3739 1447 3799 posse,
1477 3740 1515 3782 &
1547 3753 1627 3783 non
1656 3738 1783 3781 solum
1810 3748 1997 3794 tempore
2029 3734 2160 3781 obitus
2185 3735 2265 3783 suis
2295 3744 2339 3775 ut

1706 3797 1736 3841 Β
1773 3809 1793 3836 2
2180 3804 2283 3847 prae-
