2664 4114
385 164 499 248 66

319 279 469 323 tatibus
491 272 760 332 provideant3
794 272 933 324 Qare
964 265 1097 310 Nobis
1120 269 1244 314 iidem
1263 272 1346 311 Ex·

321 346 516 395 ponentes
533 332 740 375 humiliter
764 327 972 381 supplicari
998 324 1184 372 fecerunt
1203 358 1217 380 ‚
1234 339 1279 371 ut
1296 330 1345 371 si·

321 399 361 440 bi
388 396 427 437 in
450 391 644 447 praemiffis
659 387 887 443 opportune
903 386 1121 440 providere
1139 416 1153 438 ‚
1169 403 1214 430 ac
1229 389 1326 431 alias
1341 414 1355 437 ³

320 466 362 498 ut
381 450 715 504 infra,indulgere
733 444 784 485 de
804 445 1057 498 benignitate
1082 446 1352 501 Apostolica⁴

319 512 597 565 dignaremur.
632 510 716 548 Nos
744 502 867 558 igitur
900 502 1064 545 eosdem
1088 507 1352 560 Exponentes

318 569 557 625 specialibus
575 567 651 605 &c.
670 560 857 604 volentes
872 588 887 607 ⁵
912 563 952 603 &
967 576 1109 605 eorum
1136 564 1354 620 singulares

317 628 499 685 personas
523 627 545 667 a
560 619 762 677 quibusvis
778 621 855 662 &c.
874 621 1109 675 censentes,
1124 622 1352 678 hujusmodi

315 681 670 739 supplicationibus
687 678 872 722 inclinati
889 707 903 731 ‚
921 678 1073 723 eisdem
1093 682 1353 738 Exponenti-

314 745 384 785 bus
405 768 418 790 ‚
443 739 548 794 quod
584 737 649 795 ipsi
677 748 864 780 veterem
895 741 1163 783 Conventum
1199 740 1346 796 praedi-

312 804 415 841 &um
434 826 447 849 ,
462 795 648 853 illiusque
677 795 899 839 Ecclesiam
919 797 1126 851 demoliri,
1146 798 1341 842 illorum-

310 872 389 912 que
405 857 701 905 ruderibus2&
720 857 920 899 caementis
947 858 1035 909 uti,
1065 872 1138 900 nec
1165 872 1244 899 non
1278 859 1341 913 ip·

307 917 442 958 sorum
461 916 610 957 veteris
627 912 891 964 Conventus,
906 917 946 957 δι
972 915 1159 958 Ecclefiae
1178 915 1335 958 situm-2

308 990 384 1030 pro
409 974 504 1015 dieti
532 975 628 1016 novi
656 972 897 1016 Conventus
923 973 1228 1017 neceffitatibus
1245 1001 1258 1023 ‚
1290 983 1335 1016 ut

306 1032 540 1090 praefertur,
555 1030 759 1088 quibusvis
783 1032 960 1087 personis
994 1032 1209 1076 meliorem
1236 1047 1339 1074 con·

304 1093 505 1134 ditionem
519 1091 783 1134 offerentibus
800 1093 1006 1142 vendere,
1034 1091 1099 1134 seu
1130 1091 1280 1143 vendi,
1297 1092 1337 1132 δε

307 1149 522 1195 Cadavera
564 1149 856 1194 Defunetorum
888 1152 927 1192 in
973 1149 1155 1193 Ecclefia
1185 1152 1334 1192 veteris

308 1207 550 1254 Conventus
569 1208 790 1265 hujusmodi
807 1206 1054 1264 sepultorum
1074 1209 1168 1251 inde
1186 1208 1235 1251 ad
1257 1210 1334 1249 Ec-

308 1269 469 1312 clesiam
501 1270 594 1311 novi
609 1265 850 1312 Conventus
881 1267 1106 1324 hujusmodi
1139 1265 1332 1310 transfer-

308 1342 379 1377 re,
395 1327 460 1368 seu
479 1328 685 1368 transferri
701 1325 837 1368 facere
861 1326 1018 1377 libere,
1047 1326 1215 1369 &licite
1242 1323 1329 1382 pos·

305 1388 381 1426 fint
397 1386 459 1433 ,δε
474 1386 650 1434 valeant,
667 1383 894 1437 Apostolica
910 1385 1170 1436 austeritate,
1183 1394 1331 1427 tenore

304 1441 554 1499 praesentium
578 1441 844 1483 concedimus
865 1443 905 1483 &
928 1441 1212 1498 indulgemus.
1234 1447 1328 1485 Non

306 1501 547 1544 obstantibus
569 1499 738 1543 fe1.rec.
758 1500 871 1543 Pauli
893 1503 947 1542 11.
980 1503 1018 1542 3<
1044 1501 1216 1545 aliorum
1243 1503 1332 1543 Ro-

305 1574 514 1604 manorum
543 1558 783 1602 Pontificum
815 1557 1150 1602 Praedecefforum
1178 1560 1335 1602 nostro-

303 1632 393 1662 rum
410 1620 462 1661 de
477 1619 596 1661 rebus
617 1619 802 1662 Ecclefiae
827 1633 911 1661 non
929 1618 1158 1661 alienandis
1173 1648 1186 1671 ,
1221 1617 1330 1661 aliis-

302 1691 382 1733 que
394 1678 756 1720 Constitutionibus
769 1707 784 1731 ,
799 1682 836 1720 δι
855 1678 1194 1721 Ordinationibus
1214 1681 1328 1733 Apo-

304 1736 480 1786 stolicis,
505 1752 548 1780 ac
579 1737 772 1788 Ordinis,
799 1739 839 1779 &
864 1740 1158 1780 Conventuum
1189 1738 1329 1794 hujus-

305 1796 414 1838 modi
430 1798 579 1847 ‚etiam
603 1798 679 1838 διε.
693 1794 1071 1848 consuetudinibus,
1092 1797 1333 1854 caeterisque

307 1855 520 1897 contrariis
546 1856 870 1912 quibuscunque.
888 1858 1038 1899 Datum
1060 1859 1198 1899 Romae
1226 1857 1332 1913 apud

307 1917 488 1957 Sannam
507 1916 676 1957 Mariam
703 1915 898 1970 Majorem
913 1914 983 1958 sub
1008 1916 1172 1959 Annulo
1202 1916 1332 1960 Pisca-

308 1974 410 2016 toris
424 1973 489 2014 die
505 1987 580 2016 xvi
597 1988 656 2016 ii.
674 1974 841 2030 Augusti
858 1990 1040 2019 MDCXM
1056 1989 1090 2017 1.
1110 1975 1333 2020 Pontifica-

309 2043 374 2075 tus
390 2033 520 2077 Nostri
534 2033 652 2078 Anno
671 2033 875 2090 Vigesimo
893 2061 906 2074 .

886 2156 946 2197 Μ.
964 2155 1014 2196 Α.
1033 2152 1239 2197 Maraldus
1255 2185 1268 2197 .

371 2273 432 2313 Ex’
447 2270 601 2327 Regesto
631 2274 865 2314 secretaria·
890 2270 1078 2316 Brevium
1104 2272 1339 2331 Apostolico-

423 2343 513 2372 rum
529 2330 658 2387 Mens:
672 2331 719 2378 ἐῢ·
742 2332 850 2375 Anni
853 2332 1002 2389 pra-d.-

308 2434 1334 2455 ——-————-———————-———

309 2489 579 2554 Capitulum
613 2492 900 2541 Provinciale
928 2528 944 2552 ‚
972 2494 1018 2541 in
1050 2513 1143 2559 quo
1174 2498 1332 2545 Frater

380 2561 565 2625 incapax
599 2560 644 2607 in
670 2559 926 2612 Custodem
951 2568 1156 2631 Capituli
1182 2570 1332 2616 Gene-

374 2629 498 2684 ralis,
517 2627 565 2679 ὅ(
585 2647 698 2678 unus
715 2647 768 2679 ex
787 2633 932 2680 Sociis
947 2637 997 2683 P.
1016 2634 1213 2686 Ministri
1237 2641 1333 2686 Ge-

377 2698 536 2745 neralis
558 2700 601 2747 in
630 2701 960 2753 Provincialem
980 2706 1110 2755 eleffi
1136 2704 1332 2767 fuerant,

376 2769 581 2817 annullat
613 2805 629 2828 ‚
668 2770 880 2840 aliudque
925 2778 1198 2845 Capitulum
1244 2796 1331 2846 pro

375 2837 582 2903 legitima
619 2840 839 2892 elestione
869 2851 1156 2907 convocari,
1201 2852 1329 2899 Emi·

302 2919 305 2922 ·
376 2906 632 2989 nenntiffimo
652 2912 886 2964 Cardinali
915 2919 1172 2981 Protestori
1207 2939 1331 2971 com-

374 2992 521 3028 mittit
539 3015 553 3028 .
946 2995 948 2997 ’

309 3081 344 3122 Α
376 3090 493 3137 tergo
520 3110 532 3124 .
566 3086 722 3128 1)ὶῖεὲἶο
751 3089 857 3132 Filio
883 3090 1025 3149 Nostro
1056 3093 1230 3138 Antonio
1255 3100 1327 3140 tit.

367 3143 408 3179 S.
438 3143 582 3185 Μανία
613 3147 735 3187 Trans
760 3149 937 3202 Tyberim
965 3152 1187 3205 Presbytero
1225 3159 1325 3198 Car*

368 3198 490 3240 dinali
521 3203 654 3244 ,ςαηὲἶί
671 3208 894 3261 Honuphrii
924 3220 1161 3265 nuncupato,
1181 3213 1331 3271 Majori

371 3257 656 3302 Poenitentiario
683 3293 697 3315 ,
731 3265 857 3321 nostro
886 3268 1104 3326 stcundtlm
1126 3284 1328 3319 camena-s

370 3315 512 3355 Fratri
539 3320 753 3364 Germano.

348 3409 757 3471 URBANUS
818 3424 1027 3475 PAPA
1094 3430 1288 3480 VIII.

430 3494 580 3536 Dae-file
598 3498 677 3566 Fili
692 3502 812 3556 noster
811 3505 1012 3559 stilutem,
1039 3508 1087 3558 is·
1105 3514 1209 3567 Apo·
1267 3531 1270 3535 ·

551 3553 730 3609 stolatam
745 3564 1044 3609 Benedifflionem
1056 3597 1067 3609 .

315 3657 415 3773 C
429 3658 621 3723 Ufn's'cm
639 3668 925 3732 accepimusfin
939 3676 1135 3732 Capitulo
1151 3680 1324 3724 Provin⁴

445 3716 534 3759 ciali
547 3719 762 3766 Provinciae
790 3731 984 3775 Calabriae
1013 3737 1203 3781 Fratrum
1238 3740 1320 3793 Mif

1118 151 1665 240 Provincia

1408 282 1554 310 norum
1573 265 1742 308 Ordinis
1758 262 1998 308 sAErancisci
2013 266 2320 319 Capucinorum
2336 272 2439 312 nun·¹

1407 338 1672 381 eupatorum,
1690 340 1763 381 per
1783 326 1989 366 Dilec‘tum
2007 325 2151 366 Filium
2178 326 2439 371 Ministrum...

1416 385 1665 428 Generalem
1681 383 1862 441 ejusdem
1885 386 2051 427 Ordinis
2066 397 2197 438 nuper
2211 387 2443 439 celebrato,

1415 445 1531 486 Idem
1550 445 1736 487 Minister
1760 443 1977 486 Geni-ralis
2003 443 2285 493 intervenire,
2316 446 2356 486 δι
2387 447 2441 488 ad

1417 503 1663 552 eleetionem
1696 502 1982 558 capitularem
2009 516 2259 544 concurrere
2292 503 2444 546 fecerit

1417 576 1539 603 unum
1560 576 1610 603 ex
1628 564 1837 604 Fratribus
1852 562 1948 604 dieti·
1967 561 2154 612 Ordinis,
2169 562 2254 617 qui,
2269 564 2328 604 uti
2343 563 2444 607 sub·-

1413 631 1584 663 ornator
1604 622 1740 672 vocis,
1768 620 1839 662 iila
1865 622 2046 676 privatus
2074 631 2196 672 erat,
2227 620 2338 676 isque
2368 623 2443 665 ina

1413 693 1537 723 unum
1552 693 1603 722 ex
1622 679 1780 722 duobus
1792 678 2040 722 Custodibus
2057 708 2071 730 ‚
2098 693 2145 721 ac
2173 679 2313 722 Socius
2344 679 2444 722 dieii

1412 737 1591 782 Ministri
1609 738 1880 783 Generalisin
1899 739 2122 782 Minillrum
2141 739 2445 782 Provincialem

1406 797 1522 838 dista:
1536 798 1760 842 Provinciae
1773 809 1912 844 contra
1929 799 2210 840 inveteratum
2240 796 2352 840 usum
2383 797 2448 840 di-

1405 856 1456 896 fn·
1487 855 1683 907 Ordinis,
1714 858 1753 900 in
1780 872 1863 913 quo
1882 860 2054 911 ,Fratres
2084 857 2122 899 in
2145 857 2318 912 propriis
2344 859 2446 900 Pro-

1405 913 1554 955 vinciis
1569 942 1584 964 ,
1599 914 1639 954 δι
1656 916 1793 957 nonin
1812 916 1956 960 alienis
1976 916 2026 958 ad
2043 915 2175 958 officia
2189 929 2441 960 concurrere

1403 970 1715 1014 consueverunt
1731 1002 1746 1023 ‚
1762 972 1882 1014 electi
1898 973 2121 1029 respeeiive
2134 972 2286 1016 fuerint
2301 1005 2316 1027 ‚
2347 975 2442 1018 alia.

1402 1044 1483 1086 que
1501 1030 1837 1074 inconvenientia
1852 1030 1892 1072 in
1909 1032 2055 1075 eodem
2070 1032 2269 1086 Capitulo
2284 1033 2441 1077 succes-

1400 1089 1550 1140 serint,
1567 1090 1620 1131 ob
1637 1105 1725 1146 quae
1739 1089 1793 1132 de
1807 1087 2025 1134 validitate
2039 1089 2252 1133 electionis
2263 1091 2442 1138 duorum

1399 1147 1634 1191 Custodum
1659 1150 1697 1191 in
1713 1163 1764 1192 eo
1779 1146 1890 1192 fasten
1908 1149 2056 1194 merito
2082 1148 2326 1202 dubitatur,
2345 1151 2440 1194 hinc

1395 1205 1578 1262 est‚quod
1607 1211 1763 1259 Nos,ne
1787 1208 1826 1250 in
1843 1207 1990 1252 eadem
2007 1207 2224 1251 Provincia
2249 1209 2332 1253 duo
2353 1213 2443 1253 Cu-

1395 1265 1527 1306 stodes
1557 1265 1761 1321 legitimi,
1791 1267 1859 1321 qui
1890 1266 2072 1310 intersint
2094 1266 2280 1322 proxime
2316 1267 2436 1310 cele-

1395 1323 1554 1366 brando
1585 1325 1766 1382 ejusdem
1795 1324 1966 1368 Ordinis
1995 1325 2194 1379 capitulo
2219 1326 2439 1377 Generali.

1394 1380 1605 1435 deficiant,
1627 1398 1705 1441 pro
1730 1384 1915 1440 pastorali
1933 1385 2079 1427 Nostra
2112 1384 2436 1432 sollicitudine,

1393 1440 1617 1495 providere
1657 1443 1842 1486 volentes
1869 1473 1883 1495 ,
1915 1443 2284 1499 Circumspet‘tioni
2318 1447 2438 1495 Tuae,

1395 1499 1461 1555 qui
1479 1501 1650 1542 Ordinis
1667 1502 1844 1556 praediffl
1857 1505 1967 1558 apud
1986 1507 2089 1554 Nos,
2101 1504 2141 1544 δι
2156 1503 2440 1558 Apostolicam

1395 1556 1547 1601 §edem
1569 1561 1784 1603 Protenor
1801 1562 1998 1613 existis‚ut
2017 1576 2166 1604 novum
2188 1562 2432 1617 Capitulum

1396 1617 1662 1661 Provinciale
1679 1619 1907 1662 Provinciae
1923 1620 2149 1676 hujusmodi
2165 1620 2216 1663 ad
2238 1621 2434 1665 effectum

1398 1675 1582 1731 eligendi
1601 1676 1654 1720 de
1679 1690 1788 1720 novo
1801 1677 1902 1721 duos
1918 1679 2120 1722 Custodes
2137 1693 2211 1734 pro
2226 1678 2336 1723 dieto
2352 1683 2439 1724 Ca-

1398 1734 1531 1789 pitulo
1558 1738 1756 1779 Generali
1779 1765 1794 1789 2
1827 1748 1871 1780 ut
1900 1737 2115 1794 praefertur
2139 1768 2156 1789 ,
2183 1737 2438 1785 celebrando

1397 1807 1630 1836 convocare
1644 1822 1658 1846 ,
1674 1795 1739 1838 seu
1758 1799 1978 1839 convocari
2008 1796 2146 1840 facere
2177 1797 2351 1842 arbitrio
2367 1809 2440 1846 tuo

1398 1851 1760 1908 poffis‚&-valeas‚
1778 1855 2018 1897 facultatem
2049 1855 2267 1911 apostolica
2296 1859 2440 1900 aueto-

1398 1912 1546 1961 ritate,
1560 1921 1708 1954 tenore
1732 1911 1986 1968 praesentium
2003 1913 2289 1967 concedimus,
2305 1918 2346 1958 &
2361 1918 2440 1959 im-

1400 1970 1596 2028 partimur
1613 1998 1624 2010 .
1644 1975 1735 2014 Non
1749 1973 1997 2017 obstantibus
2012 1971 2238 2028 praemiflis‚
2255 1989 2302 2017 ac
2319 1979 2437 2018 Con-

1399 2030 1669 2072 stitutionibus
1694 2058 1708 2079 ,
1733 2033 1774 2072 &
1799 2034 2133 2076 Ordinationibus
2156 2033 2432 2089 Apostolicis,

2577 852 2614 893 ,44¹-

2597 939 2601 951 Ι

2595 726 2610 758 e-:z
2599 710 2605 713 2
2593 658 2608 698 2⁴⁴..5
2589 632 2593 634 ¹
2590 511 2611 598 125«ssss-

1396 2103 1474 2134 nec
1499 2103 1576 2131 non
1605 2089 1776 2134 Ord‘i'nis
1802 2121 1819 2143 ,
1854 2093 1894 2135 δι
1921 2092 2143 2135 Provinciae
2169 2091 2433 2150 hujusmodi,
2486 2144 2496 2154 ι

1397 2149 1529 2191 etiam
1542 2149 1620 2190 &c-
1637 2150 1795 2192 statutis
1816 2177 1831 2200 2
1843 2153 1883 2192 δι
1897 2149 2255 2194 consuetudinibus
2268 2179 2283 2201 ,
2308 2153 2433 2208 privi.

1402 2208 1518 2264 legiis
1535 2222 1700 2265 quoque
1724 2210 1893 2252 indultis
1909 2238 1923 2259 a
1938 2213 1979 2253 ἃ.
2006 2210 2137 2257 literis
2156 2210 2234 2251 διε.
2266 2211 2432 2269 Qibus

1399 2268 1601 2319 omnibus,
1616 2269 1657 2309 &
1672 2267 1852 2325 singulis,
1868 2271 2032 2312 illorum
2062 2280 2229 2311 tenores
2252 2270 2331 2312 &c.
2361 2270 2437 2314 de-

1398 2341 1589 2382 rogamus
1617 2356 1631 2378 ,
1661 2329 1897 2385 caeterisiiue
1932 2329 2147 2372 contrariis
2173 2328 2434 2383 quibuscum-

1395 2401 1475 2443 que
1491 2415 1502 2428 .
1535 2388 1683 2438 Datum
1715 2389 1852 2431 Romae
1877 2390 1982 2444 apud
2011 2394 2052 2430 S.
2072 2390 2243 2430 Petrum
2257 2386 2328 2430 sub
2344 2390 2434 2432 An-

1395 2446 1493 2488 nulo
1511 2445 1726 2486 Piscatoris
1743 2446 1811 2488 die
1826 2461 1848 2487 x
1859 2461 1872 2488 1
1885 2463 1920 2489 v.
1939 2445 2187 2490 Novembris
2201 2461 2350 2491 mncxt.
2361 2461 2376 2490 ι
2389 2461 2425 2492 ι.

1394 2501 1661 2549 Pontificatus
1675 2505 1811 2549 Nostri
1827 2508 1951 2551 Anno
1967 2504 2177 2562 vigesimo
2195 2533 2208 2547 .

1972 2627 2032 2668 M.
2051 2624 2105 2667 A.
2127 2623 2368 2667 Maraldusi

1451 2745 1511 2786 Ex
1539 2740 1695 2799 Regesto
1721 2746 1866 2789 Secret.
1889 2745 2080 2789 Brevium
2111 2742 2421 2801 Apostolicorum

1509 2801 1631 2857 mensi
1658 2802 1711 2853 ὠ·
1740 2817 1844 2845 anno
1853 2807 1988 2864 prad.

1390 3040 1458 3086 Ex
1495 3038 1693 3089 Ecclesia
1727 3039 1909 3090 Domfis
1941 3038 2090 3092 Castri
2123 3039 2308 3091 Veteris
2335 3041 2413 3088 Pa·

1459 3125 1665 3159 ramenta
1683 3145 1698 3168 ,
1714 3108 1836 3160 Vasa
1861 3110 1951 3161 ἃς.
1986 3113 2060 3162 vel
2083 3128 2139 3161 ex
2164 3111 2415 3160 Bibliothe-

1463 3198 1516 3228 ca
1551 3180 1713 3229 Libros
1746 3183 1953 3239 extrahi,
1980 3196 2060 3231 aut
2087 3180 2409 3240 commodari,

1456 3247 1540 3300 sub
1556 3248 1751 3301 censuris
1763 3287 1779 3310 ,
1796 3250 1845 3303 ὅ(
1871 3254 2019 3321 poenis
2037 3267 2163 3303 vetat
2177 3289 2191 3302 .

1383 3380 2027 3438 INNOCENTIUS
2076 3382 2294 3434 PAPA
2339 3380 2405 3429 X.

1585 3508 1652 3551 Ad
1651 3509 1846 3568 suturam
1873 3514 1934 3555 ret·
1954 3509 2179 3553 memoriam
2195 3536 2208 3549 .

1498 3624 1796 3678 Onservationi,
1808 3630 1848 3670 δε
1861 3627 2161 3670 manutentioni
2176 3627 2406 3668 Ornamen-

1519 3693 1653 3727 torum
1669 3714 1683 3736 ‚
1698 3687 1737 3727 &
1761 3688 2096 3728 Paramentorum
2123 3684 2310 3730 Ecclefiae
2326 3714 2340 3737 ,
2363 3698 2408 3725 ac

1381 3743 1598 3787 Librorum
1615 3742 1876 3790 Bibliotheca·
1896 3742 2048 3789 Domus
2069 3746 2262 3788 Fratrum
2285 3742 2412 3810 Ordi-

2283 3816 2348 3849 nis
