2664 4114
923 192 1633 311 Neapolitana.
2247 238 2287 318 ς

193 306 531 363 Monasterium
547 303 831 360 Monialium
848 304 930 357 sub
949 312 1238 363 invocatione

205 390 208 391 ’
263 380 312 430 8.
328 381 489 429 Mariae
511 383 555 430 in
571 379 833 451 Jerusalem
849 397 905 428 ex
929 380 1058 430 bonis
1080 385 1238 434 Mariae

259 452 517 502 Laurentiae
550 455 716 520 Longae
741 451 979 500 Catalanae
1008 452 1240 515 construi3

258 522 381 572 illud
412 525 460 572 in
493 516 779 572 Abbatiffam
806 555 821 579 ,
864 521 914 572 <St
952 522 1242 578 duodecim-s

259 593 498 644 Moniales
515 594 666 644 Tertii
700 591 896 640 Ordinis
927 598 974 643 S.
1008 596 1241 646 Francisci

205 672 208 675 ’
256 667 389 732 juxta
418 663 627 734 regulam
654 665 704 711 S.
730 664 882 713 Clarae
910 661 991 713 sub
1019 680 1243 731 perpetua

257 734 470 787 clausura
502 731 658 783 induci
687 751 702 792 ;
742 735 1041 784 Sacerdotem
1077 735 1133 783 ab
1172 736 1240 784 his

205 844 209 848 -
255 823 343 877 pro
365 801 588 874 spirituali
611 821 719 853 cura
746 805 890 874 eligi;
917 805 1036 854 bona
1063 804 1120 854 ab
1148 803 1242 873 ipsa

256 876 413 928 Maria
447 872 644 933 relicta,
682 893 735 923 ac
773 877 829 925 ab
858 876 959 925 aliis
1007 876 1242 926 Fidelibus

252 946 488 1016 eroganda
513 944 800 996 Monasterio
833 948 1118 1015 appropriari
1141 965 1156 1005 ;
1188 965 1242 997 ac

251 1019 485 1068 Moniales
516 1016 777 1086 privilegiis
795 1054 809 1077 ,
829 1017 877 1068 <Sc
903 1019 1067 1086 gratiis
1088 1020 1242 1067 Tertii

205 1150 208 1152 v
254 1091 307 1141 S.
338 1086 565 1139 Francisci
591 1121 606 1145 ,
648 1087 696 1139 δι
731 1091 779 1137 S.
815 1089 966 1138 Clarae
1001 1086 1242 1138 Ordinum

251 1157 346 1208 frui
379 1154 501 1223 poffe
533 1155 781 1213 concedit,
814 1174 867 1205 ac
903 1155 1244 1209 Monasterium

252 1225 525 1279 immediate
557 1227 732 1278 Sanstae
763 1227 871 1277 Sedi
901 1226 1110 1291 subijcit.

276 1357 610 1414 ramus
665 1358 1143 1431 anscorus

442 1481 600 1523 Servus
632 1480 860 1522 Servorum
893 1474 975 1521 Dei

349 1598 421 1642 'Ad
440 1605 679 1655 perpetuam
709 1595 771 1640 rei
788 1595 1034 1641 memoriam
1048 1627 1060 1640 .

213 1756 250 1773 μ
286 1750 351 1771 „4
382 1748 389 1753 s
430 1744 435 1751 τ
490 1717 659 1762 Ebitum
678 1714 889 1759 pastoralis
904 1713 1028 1757 officii
1043 1712 1174 1757 Nobis
1192 1725 1246 1756 ex

208 1771 218 1788 *
308 1800 354 1830 l*
387 1779 395 1784 ‘
411 1790 422 1806 <⁴
438 1770 469 1818 (μ’
509 1777 599 1818 alto
623 1773 817 1817 commisti
842 1775 1049 1828 requirit,
1080 1789 1127 1816 ac
1157 1777 1243 1815 Nos

305 1830 400 1887 gisa
440 1843 453 1875 ².
507 1833 560 1875 ad
589 1833 630 1874 id
656 1841 868 1887 promptos
892 1833 1050 1875 excitat
1074 1858 1090 1883 ,
1122 1842 1166 1873 ut
1194 1846 1244 1875 ea

208 1897 247 1946 :st
296 1888 387 1938 ''¹11⁴„f
418 1883 455 1955 κζ’,
512 1902 607 1934 vot-a
629 1920 643 1943 ,
675 1891 820 1947 quibus
850 1890 1075 1946 prudentes
1105 1892 1243 1948 Virgi-

208 1964 269 1991 υ»
298 1951 397 1999 :xj-³¹*
508 1963 581 1994 nes
604 1979 619 2002 ‚
654 1950 885 2006 Religionis
914 1952 1069 1993 Habitu
1101 1948 1244 1994 affam-

428 2006 433 2009 ’
499 2020 574 2065 pto
594 2037 610 2060 ,
641 2009 710 2052 uni
740 2005 894 2065 Sponso
919 2010 1015 2066 Jesu
1043 2011 1240 2057 Christo,

177 2072 292 2114 Voto
317 2069 471 2116 celebri
498 2069 794 2125 Virginitatem
820 2068 933 2113 suam
961 2069 1176 2125 praestent,
1201 2071 1242 2111 &

175 2129 352 2174 accensis
387 2129 642 2185 lampadibus
670 2129 811 2171 eidem
839 2129 1024 2185 Sponso,
1052 2131 1120 2186 qui
1151 2130 1239 2186 spe-

176 2187 306 2232 ciosus
333 2189 390 2232 est
421 2203 501 2244 prae
524 2186 617 2230 filiis
650 2188 861 2231 hominum
880 2218 894 2241 ,
931 2189 1095 2232 obviam
1121 2189 1239 2237 ire-,9

176 2247 326 2304 pollint
346 2276 361 2298 ,
393 2260 439 2290 ac
465 2248 617 2290 exinde
645 2246 767 2290 flores
795 2248 963 2290 honoris
992 2275 1006 2296 ,
1038 2250 1077 2290 δε
1108 2250 1239 2291 hone-

177 2307 288 2350 statis
319 2305 498 2358 fruetus,
530 2321 576 2348 ac
602 2306 807 2362 regularis
836 2304 1056 2362 disciplinae
1086 2321 1239 2363 propa-

178 2365 293 2423 gatio
305 2366 552 2421 proveniant
568 2393 583 2416 ,
598 2364 648 2408 ad
670 2365 941 2408 exauditionis
968 2367 1140 2421 gratiam
1166 2366 1236 2409 ad-

177 2426 419 2474 mittamus,
457 2427 494 2466 &
521 2423 655 2480 plenis
684 2422 889 2468 favoribus
920 2425 1237 2481 prosequamur·

238 2486 344 2528 sane
367 2497 443 2539 pro
465 2494 585 2540 parte
596 2482 755 2526 dilecta:
780 2484 818 2526 in
836 2485 1004 2527 Christo
1023 2486 1130 2527 Filiae
1151 2488 1240 2526 Ma·

176 2543 245 2586 riae
271 2543 500 2587 Laurentia.
526 2545 673 2599 Longae
701 2543 890 2585 Mulieris
917 2544 1129 2586 Catalanae
1149 2548 1239 2585 No-

176 2603 238 2644 bis
268 2615 399 2652 nuper
430 2601 614 2644 exhibita
643 2602 793 2655 petitio
819 2603 1093 2650 continebat,
1125 2599 1238 2658 quod

173 2662 258 2717 ipsa
278 2661 437 2712 Maria,
460 2674 545 2718 quae
570 2659 785 2716 Hospitale
810 2675 1035 2717 pauperum
1052 2659 1237 2710 infirmo-

174 2732 268 2764 rum
301 2720 598 2763 incurabilium
632 2721 786 2762 Sanfftae
823 2720 960 2763 Mariae
989 2721 1042 2763 de
1074 2719 1236 2775 Populo

175 2779 446 2835 Neapolitan.
463 2778 597 2833 erigi,
622 2779 664 2818 δε
686 2777 707 2818 a
735 2773 1016 2820 fundamentis
1039 2779 1238 2828 construi,

174 2840 217 2880 δε
238 2835 430 2880 aedificari
454 2836 723 2892 procuravit,
748 2850 794 2878 ac
819 2837 858 2878 in
881 2850 934 2878 eo
955 2838 1065 2879 circa
1091 2836 1236 2877 alimo-

172 2897 287 2942 niam
321 2897 525 2939 dic‘torum
554 2907 781 2950 pauperum
809 2896 1011 2938 continuo
1046 2892 1237 2936 versata..-

175 2955 285 3009 fuit3
317 2969 423 2999 nunc
451 2953 755 2996 infirmitatibus
782 2958 952 3008 gravata
969 2982 983 3004 ,
1009 2955 1049 2995 &
1073 2953 1116 2994 in
1142 2963 1238 2995 aeta-

175 3027 222 3058 te
246 3014 365 3057 senili
389 3013 607 3059 constituta
622 3040 636 3064 ,
666 3013 757 3055 zelo
785 3012 993 3067 religionis
1010 3040 1024 3063 ,
1048 3013 1088 3053 δε
1109 3012 1239 3055 devo-

176 3075 301 3117 tionis
323 3074 441 3117 dueta
467 3099 481 3125 ‚
518 3086 571 3115 ex
601 3073 729 3115 activa
758 3070 809 3114 ad
838 3071 1236 3126 contemplativam-2

179 3134 330 3185 vitam,
355 3132 415 3175 uti
434 3133 681 3174 securiorem
697 3160 710 3182 ,
734 3127 773 3172 se
795 3127 1019 3173 transferre
1035 3130 1205 3184 cupiens
1223 3156 1239 3180 ,

177 3205 305 3235 unum
329 3190 622 3233 Monasterium
643 3188 885 3233 Monialium
909 3189 976 3230 sub
1002 3189 1236 3230 invocatio-

178 3264 231 3294 ne
258 3251 392 3291 Beatae
418 3249 555 3291 Mariae
581 3248 635 3291 de
658 3245 883 3304 Jerusalem
911 3246 1016 3302 apud
1046 3246 1236 3289 dictum.»

179 3307 398 3364 Hospitale
420 3307 462 3348 in
487 3305 583 3348 loco
602 3333 616 3357 ,
646 3307 744 3348 inibi
771 3318 843 3359 per
869 3307 972 3347 Eam
998 3305 1239 3363 designato,

179 3380 233 3410 ex
259 3368 334 3423 piis
360 3364 658 3419 eleemosynis,
687 3367 727 3406 &
747 3364 866 3406 bonis
885 3363 954 3405 fibi
981 3368 1004 3409 ἡ
1030 3367 1124 3406 Deo
1151 3362 1239 3405 col-

180 3426 277 3469 latis
310 3423 487 3468 construi
520 3420 658 3466 facere
692 3423 866 3475 incoepit
891 3448 905 3470 ,
939 3422 978 3463 ac
1015 3421 1230 3464 nonnullas

174 3489 380 3543 ‘pauperes
397 3482 602 3527 foeminas
620 3508 635 3531 ,
659 3494 745 3537 quae
762 3481 953 3522 Divinum
975 3479 1166 3522 Officium
1192 3481 1235 3522 in

182 3557 235 3588 eo
253 3542 444 3599 quotidie
465 3540 730 3598 persolvunt,
754 3538 943 3594 recepit,
959 3553 1005 3580 ac
1023 3553 1098 3595 pro
1116 3538 1234 3592 ipsius

181 3602 416 3656 Religionis
444 3600 745 3658 propagatione
766 3625 780 3650 ‚
817 3595 1062 3653 cultusque,
1089 3599 1129 3638 δε
1158 3598 1232 3640 Di-

182 3661 265 3702 vini
287 3661 473 3702 Nominis
499 3668 746 3715 augmento,
771 3658 811 3698 &
828 3655 958 3712 gloria
975 3657 1125 3697 dietum
1143 3659 1233 3699 Mo·-

182 3718 398 3761 nasterium
426 3721 466 3760 in
495 3716 570 3760 suis
597 3716 803 3760 structuris
833 3714 1035 3770 compleri
1061 3711 1238 3759 facere.)

184 3776 392 3821 desiderat
410 3790 430 3830 ,·
450 3777 478 3819 si
495 3775 565 3822 fibi
585 3775 637 3820 ad
654 3775 694 3819 id
710 3773 951 3833 Apostolicae
967 3772 1083 3832 Sedis
1108 3774 1234 3826 licen-<

1303 316 1356 357 tia
1384 314 1647 370 ihffragetur.
1677 319 1820 379 Qare
1837 329 1913 374 pro
1937 327 2049 374 parte
2071 319 2185 364 diCtae
2212 324 2351 365 Mariae

1304 370 1546 425 afferentis,
1580 378 1619 418 se
1644 375 1684 418 in
1710 380 1819 418 dieto
1841 379 2091 420 Monasterio
2118 385 2195 424 una
2228 395 2353 425 cum-2

1302 430 1411 474 illius
1431 434 1677 477 Monialibus
1702 435 1740 477 se
1768 436 1980 478 includere
1997 465 2011 488 ,
2043 440 2082 479 &
2099 441 2237 481 Vitam
2268 441 2356 480 Re-

1302 488 1483 546 ligiosam
1517 492 1669 535 ducere
1699 495 1973 550 proposuille,
2007 499 2134 538 Nobis
2162 497 2239 538 fuit
2277 499 2355 539 liu-

1302 550 1460 592 militer
1496 548 1767 605 supplicatum
1794 581 1807 603 ‚
1848 565 1892 594 ut
1926 554 1994 596 fibi
2025 556 2355 597 monasterium

1306 609 1431 662 ipsum
1447 633 1460 656 ,
1484 607 1525 647 iit
1547 606 1788 661 praefertur,
1807 612 2007 666 compleri
2025 612 2200 655 faciendi
2224 615 2356 655 licen·-

1305 667 1407 706 tiam
1433 665 1670 707 concedere
1687 693 1702 717 ,
1726 681 1772 709 ac
1791 667 1886 709 alias
1912 671 1950 712 in
1979 671 2179 726 praemiflis
2202 685 2357 726 oppor-

1304 721 1405 763 tune
1437 723 1687 776 providere,
1721 724 1775 768 de
1803 725 2057 782 benignitate
2088 729 2356 787 Apostolica,

1305 780 1598 836 dignaremur.

1368 842 1454 880 Nos
1480 840 1635 895 igitur,
1662 841 1730 895 qui
1758 840 1984 897 Religionis
2010 847 2352 904 propagationem

1307 898 1448 940 nostris
1484 898 1682 953 potiffime
1713 904 1963 956 temporibus
2003 906 2160 949 summis
2193 906 2358 950 defide-

1305 969 1444 999 ramus
1464 958 1670 1000 effectibus
1687 985 1701 1009 ,
1727 959 1835 1014 pium
1859 961 2102 1006 desiderium
2129 965 2246 1020 ipfius
2266 969 2358 1014 Mas

1306 1016 1375 1058 riae
1420 1014 1638 1071 plurimum
1677 1017 1715 1058 in
1762 1020 1937 1062 Domino
1980 1023 2311 1066 commendantes
2337 1050 2354 1074 ,

1309 1073 1540 1128 hujusmodi
1578 1073 1936 1131 supplicationibus
1966 1079 2145 1122 inclinati
2172 1108 2186 1132 ,
2217 1083 2357 1123 eidem

1309 1133 1448 1175 Mariae
1479 1134 1768 1175 Monasterium
1794 1137 2023 1190 praedictum
2051 1151 2140 1180 cum
2174 1140 2357 1180 Ecclesia

1308 1190 1455 1234 humili
1477 1220 1491 1242 ,
1509 1193 1745 1248 Campanili
1766 1220 1779 1246 ,
1796 1197 2015 1249 Campanis
2031 1224 2044 1247 ,
2061 1198 2324 1240 coemeterio
2339 1223 2356 1247 ,

1306 1250 1500 1293 claustro
1517 1278 1531 1302 ,
1565 1249 1821 1296 Dormitorio
1841 1282 1854 1305 ,
1889 1253 2124 1297 Refectorio
2148 1284 2163 1305 ,
2196 1254 2324 1297 hortis
2341 1282 2356 1306 ‚

1306 1308 1562 1362 hortalitiis,
1588 1313 1627 1353 &
1653 1312 1740 1354 aliis
1768 1311 1959 1356 membris
1976 1343 1990 1365 ,
2022 1316 2060 1356 δι
2083 1312 2253 1355 officinis
2283 1328 2359 1356 ne-

1304 1367 1482 1412 ceffariis
1509 1371 1615 1425 apud
1647 1370 1861 1426 Hospitale
1885 1372 2142 1428 hujusmodi,
2168 1375 2207 1414 δι
2231 1374 2267 1414 in
2293 1373 2358 1413 lo-

1303 1442 1382 1478 c0,
1407 1427 1451 1471 iit
1477 1427 1718 1482 praefertur,
1743 1428 1980 1486 designato,
1997 1446 2042 1474 ac
2059 1442 2125 1482 ,ut
2150 1431 2218 1473 fibi
2244 1432 2358 1472 vide-

1302 1487 1442 1538 bitur,
1475 1488 1687 1529 Ordinarii
1720 1487 1797 1529 loci
1819 1515 1833 1540 ,
1874 1488 1940 1531 vel
1975 1492 2142 1532 alterius
2172 1488 2354 1539 cuiusvis

1301 1545 1563 1600 Superioris,
1593 1543 1658 1587 seu
1693 1547 1879 1588 Rectoris
1906 1548 2124 1595 Ecclefiae‚
2151 1548 2256 1589 intra
2283 1562 2360 1590 cu-

1248 1625 1254 1631 .
1302 1602 1366 1661 jus
1385 1603 1591 1645 Parochiae
1615 1604 1769 1645 limites
1792 1604 1906 1647 locus
1923 1607 2077 1662 incepti
2094 1605 2250 1647 aedificii
2270 1607 2361 1648 Mo-

1307 1662 1471 1704 nasterii
1494 1660 1723 1717 hujusmodi
1740 1664 1941 1716 consistit,
1965 1677 2035 1708 aut
2055 1667 2272 1707 Reelorum
2297 1665 2360 1706 di-

1307 1721 1359 1762 e’ti
1390 1718 1609 1777 Hospitalis
1640 1720 1805 1764 licentia
1843 1724 2008 1766 minime
2048 1724 2271 1780 requisita,
2303 1722 2359 1765 ad

1306 1778 1495 1821 debitum
1520 1779 1870 1835 complementum
1893 1782 2034 1825 reduci
2060 1781 2265 1831 faciendi,
2287 1796 2358 1824 au-

1306 1839 1510 1881 thoritate
1526 1839 1755 1894 Apostolica
1774 1850 1944 1890 ‚tenore
1958 1842 2212 1897 praesentium
2230 1842 2358 1885 licen-

1308 1898 1410 1940 tiam
1439 1898 1694 1954 elargimur,
1720 1899 1939 1955 illudque‚
1967 1900 1993 1942 fi
2019 1901 2098 1957 jam
2115 1930 2128 1950 ‚
2157 1911 2228 1943 aut
2249 1899 2359 1955 post-e

1308 1969 1433 2013 quam
1464 1958 1734 2000 convenienti
1761 1958 1941 2001 clausura
1971 1961 2167 2002 munitum
2199 1958 2357 2009 fuerit,

1308 2017 1347 2057 in
1367 2017 1659 2058 Monasterium
1674 2017 1915 2060 Monialium
1937 2019 2067 2061 Tertii
2079 2018 2242 2060 Ordinis
2259 2021 2358 2060 San.

1303 2075 1355 2117 ἂί
1384 2074 1585 2117 Francisci
1626 2073 1738 2130 juxta
1774 2076 1980 2131 Regulam
2010 2080 2158 2121 Sanftae
2189 2076 2323 2118 Clarae
2342 2104 2356 2127 ,

1302 2134 1373 2177 sub
1400 2135 1662 2177 invocatione
1692 2135 1879 2190 praedi6ta
1896 2163 1911 2187 ,
1942 2150 2016 2191 pro
2034 2150 2108 2178 una
2133 2133 2353 2185 Abbatili'a,

1301 2195 1341 2235 &
1363 2193 1586 2235 duodecim
1613 2194 1893 2244 Monialibus,
1929 2196 2005 2237 tria
2023 2206 2118 2238 vota
2145 2195 2356 2248 regularia

1302 2253 1398 2294 dieti
1415 2252 1584 2294 Ordinis
1609 2251 1921 2306 profitentibus,
1953 2254 2050 2295 inibi
2068 2268 2140 2309 pro
2168 2253 2243 2295 hac
2269 2253 2355 2308 pri·

1303 2326 1367 2354 ma
1392 2311 1483 2354 vice
1508 2310 1560 2354 ad
1587 2311 1834 2355 electionem
1855 2313 1976 2367 ipsius
2002 2314 2139 2354 Mariae
2163 2312 2356 2354 introdu-

1302 2371 1476 2422 cendis,
1507 2371 1546 2411 δι
1572 2369 1868 2426 permansuris,
1902 2371 1940 2411 δι
1967 2370 2123 2413 deinde
2149 2367 2262 2426 juxta
2292 2383 2356 2411 re-

1301 2430 1457 2486 gularia
1490 2428 1668 2470 instituta
1702 2426 1883 2481 ejusdem
1911 2428 2106 2479 Ordinis,
2137 2442 2184 2469 ac
2216 2428 2357 2483 provi.-

1301 2495 1393 2531 dam
1430 2487 1736 2529 ordinationem
1770 2486 1886 2541 ipsius
1920 2487 2059 2528 Mariae
2088 2487 2262 2541 desuper
2291 2483 2354 2527 fa-

1301 2544 1487 2588 ciendam
1507 2572 1519 2596 ,
1549 2545 1698 2600 absque
1723 2543 1894 2601 alicujus
1917 2545 2025 2587 dotis
2054 2544 2252 2586 solutione
2280 2558 2352 2585 re-

1300 2605 1532 2660 cipiendis,
1558 2603 1664 2647 intra
1684 2616 1852 2657 quarum
1877 2618 2089 2646 numerum
2108 2601 2353 2654 Conversae‚

1298 2678 1345 2707 ac
1377 2662 1616 2706 servientes
1644 2660 1753 2703 didio
1786 2664 2034 2704 Monallerio
2058 2677 2135 2704 non
2165 2674 2354 2715 compre-

1299 2722 1534 2765 hendantur
1556 2745 1569 2770 ,
1600 2723 1640 2761 δι
1669 2735 1753 2775 quae
1774 2722 1875 2763 inibi
1908 2722 1979 2764 sub
2006 2722 2184 2775 regulari
2213 2718 2353 2761 obser-

1300 2781 1436 2822 vantia
1467 2780 1564 2821 disti
1594 2779 1760 2821 Ordinis
1787 2809 1800 2831 ,
1841 2782 1881 2821 δι
1907 2791 2106 2835 perpetua
2136 2779 2351 2828 clausura,

1300 2842 1340 2880 δι
1367 2838 1436 2879 sub
1463 2837 1718 2892 preteetione
1745 2836 1861 2880 Sedis
1888 2839 2157 2892 Apostolicae,
2187 2849 2350 2877 necnon

1299 2895 1402 2939 curii
1428 2896 1547 2938 unius
1573 2893 1822 2938 Confessoris
1848 2896 2086 2946 Saecularis,
2117 2896 2182 2937 vel
2208 2897 2351 2948 Regu-

1301 2955 1398 2997 laris
1429 2968 1504 3008 pro
1535 2953 1658 2995 Miffis
1685 2954 1974 3006 celebrandis,
2009 2967 2149 2997 earum
2173 2950 2350 2994 Confes-

1301 3014 1479 3056 sionibus
1505 3012 1742 3063 audiendis,
1766 3027 1813 3054 ac
1825 3013 2098 3055 Sacramentis
2121 3010 2351 3051 ministran-

1301 3072 1362 3115 dis
1393 3074 1635 3122 dumtaxat,
1663 3071 1703 3112 in
1734 3070 2007 3119 sacerdotio,
2041 3070 2079 3109 &
2106 3077 2223 3109 aetate
2251 3076 2350 3122 pro-

1300 3134 1415 3173 vtha
1440 3128 1675 3178 constituti,
1699 3127 2028 3182 exemplarisque
2054 3126 2172 3175 vitae,
2201 3126 2237 3166 &
2263 3127 2352 3166 Re·-

1298 3190 1460 3242 ligionis
1485 3186 1703 3236 zelatoris,
1721 3199 1795 3241 per
1819 3184 1936 3239 ipsam
1959 3183 2152 3235 Mariam,
2170 3182 2255 3226 vita
2279 3183 2350 3224 fibi

1302 3248 1483 3293 comite,
1510 3248 1550 3288 &
1571 3245 1725 3286 deinde
1753 3257 1827 3298 per
1853 3240 2128 3293 Abbatiffam,
2158 3243 2199 3283 &
2224 3241 2352 3296 majo-

1301 3319 1389 3348 rem
1426 3313 1584 3360 partem
1621 3301 1857 3346 earumdem
1884 3301 2123 3343 Monialium
2155 3299 2350 3343 Profeffa-

1298 3378 1391 3407 rum
1420 3362 1656 3418 perpetuo,
1687 3358 1750 3401 vel
1773 3358 1822 3400 ad
1849 3368 2009 3414 tempus
2035 3359 2086 3400 ad
2113 3373 2254 3402 earum
2281 3373 2352 3400 nu·-

1299 3433 1412 3467 tum,
1430 3423 1469 3462 &
1487 3431 1608 3475 prout
1629 3419 1689 3461 eis
1708 3416 1944 3468 videbitur,
1967 3417 2173 3471 eligendi,
2195 3419 2235 3459 &
2249 3430 2352 3472 quo-

1298 3482 1380 3522 ties
1410 3479 1650 3527 videbitur,
1675 3475 1920 3522 amovendi,
1949 3477 1986 3516 &
2015 3475 2184 3518 alterius
2209 3476 2351 3518 subro-

1296 3537 1451 3593 gandi,
1466 3537 1582 3589 cujus
1598 3532 1784 3578 doctrina
1800 3534 1962 3583 instrui,
1981 3547 2029 3576 ac
2046 3533 2238 3589 exemplo
2253 3532 2351 3575 aedi·

1294 3595 1429 3646 ficari,
1442 3596 1482 3636 δι
1497 3597 1546 3637 ad
1564 3595 1687 3636 vitam
1703 3591 1924 3649 perfectam
1940 3594 2096 3635 moveri
2115 3592 2272 3649 possint,
2284 3588 2353 3630 Al.

1294 3654 1439 3697 tiffimo
1456 3649 2099 3695 famulenturznecMonasterium
2117 3649 2291 3705 ipsae‚nifi
2311 3647 2350 3687 in

1299 3712 1387 3756 casu
1418 3722 1611 3754 extremar
1640 3710 1880 3753 neceffitatis
1897 3738 1911 3761 ,
1938 3710 1977 3751 δι
2001 3723 2071 3763 per
2095 3721 2241 3763 paucos
2265 3706 2352 3746 dies

1296 3772 1445 3828 absque
1461 3770 1644 3822 licentia,
1661 3771 1701 3812 ὃς
1716 3767 1908 3813 consensu
1926 3767 2088 3824 majoris
2103 3766 2230 3821 partis
2253 3763 2318 3818 ips
2315 3777 2355 3805 a-

2185 3838 2279 3867 rum
