2664 4114
499 226 549 306 6
1143 209 1269 295 Pr
1287 239 1325 294 o
1344 211 1438 293 vi
1458 236 1508 292 n
1529 236 1568 292 c
1587 211 1615 292 i
1637 233 1689 293 a

375 253 487 384 maj&
509 335 570 371 esse
599 331 787 381 nequibat.
811 326 966 371 Angelus
987 327 1019 362 in
1034 327 1132 359 carne
1144 327 1343 370 ambulans,
1374 336 1442 359 non
1466 323 1646 359 secundum
1659 320 1790 359 carnem
1816 320 2004 363 militavit,
2027 319 2082 355 sed
2105 316 2331 367 Spiritu'Dei
2351 320 2478 367 ageba&

376 396 431 421 tut
447 409 455 421 ,
481 385 515 419 8<
531 397 568 419 ea
587 384 668 418 νίας
684 378 830 425 puritate
846 375 974 411 nitebat
990 400 1000 415 ‚
1020 384 1057 410 ut
1070 395 1083 413 ,
1095 375 1190 417 quod
1204 375 1245 409 de
1261 375 1394 418 Magno
1404 374 1530 420 Joanne
1547 371 1697 417 Baptista
1717 372 1760 406 D.
1777 371 2010 419 Hieronymus
2034 367 2136 410 dicit,
2164 369 2198 404 in
2209 370 2322 406 nostro
2341 370 2477 419 Angelo

375 433 474 478 pleni:
485 431 671 476 expressum
687 425 809 461 fuerit:
835 422 921 461 Non
940 422 1018 474 fuit
1029 419 1087 458 ille
1101 423 1229 458 natura*
1240 420 1396 469 Angelus
1408 446 1420 465 ,
1438 421 1503 469 sed
1523 421 1601 455 vita
1627 442 1640 462 ,
1659 419 1701 461 ὠ·
1713 419 1878 469 castitatis
1904 417 2031 454 eximiae
2047 417 2227 464 puritate:
2255 418 2364 455 fornes
2383 417 2475 453 enirn

374 479 504 526 peccati
520 491 591 515 non
617 478 739 524 ligatus
756 495 769 514 ‚
787 472 841 507 sed
859 471 972 516 potius
998 469 1173 509 extinfiius
1196 471 1230 505 in
1244 482 1285 506 eo
1302 469 1480 506 videbatur
1499 494 1508 509 ,
1533 480 1610 504 cum
1625 467 1761 507 inferior
1789 479 1862 514 pars
1883 466 2036 512 corporis
2049 489 2063 508 ‚
2088 466 2182 502 arido
2207 466 2361 514 siccoque
2383 465 2479 509 ligno

374 528 489 563 similis
504 551 515 570 ‚
544 536 688 570 tempore
702 548 711 563 ‚
739 533 809 567 quo
823 521 885 555 Sol
909 519 1070 558 intensius
1096 529 1161 555 nos
1172 517 1239 553 urit
1252 543 1266 562 ‚
1289 518 1457 554 beneficio
1471 517 1558 561 ignis
1571 515 1604 552 in
1618 515 1680 551 illo
1701 516 1852 553 calefieri
1866 514 2021 552 debuerit
2036 539 2045 549 .
2074 514 2126 549 Ex
2141 526 2210 560 quo
2238 526 2312 560 pars
2329 512 2480 551 hominis

373 575 539 622 Superior
568 572 721 608 liberiore
743 565 865 605 volatu
892 568 926 604 in
943 569 1047 604 altum
1062 566 1129 603 sese
1152 567 1291 602 libravit
1305 592 1319 611 ,
1341 566 1374 602 &
1400 568 1433 601 in
1446 564 1486 601 iis
1499 591 1510 607 ‚
1534 576 1609 611 qua)
1623 564 1693 600 Dei
1711 565 1785 600 sunt
1799 589 1811 608 ‚
1829 565 2075 607 deliciabatur,
2104 571 2203 597 tanto
2219 563 2327 599 divini
2354 560 2478 598 amoris

373 625 450 658 aestu
465 621 588 656 incensa
605 643 615 661 ,
631 629 668 653 nt
687 617 806 653 haustu
825 628 919 663 aquae
934 616 1066 662 frigidae
1081 617 1295 663 plerumque,
1309 617 1406 652 etiam
1421 624 1572 662 ternpore
1588 613 1630 648 ad
1655 613 1803 657 rigorem
1816 616 1934 659 gelato
1949 635 1958 651 ,
1984 613 2084 667 illum
2115 612 2292 657 temperari
2312 609 2479 647 necessum

373 670 477 706 fuerit
490 692 499 701 .
525 667 739 703 charitatem
753 667 833 703 dum
848 665 882 701 in
897 667 1037 712 Angelo
1051 665 1096 701 ita
1110 665 1271 702 intensam
1284 665 1443 703 miramur
1457 687 1470 708 ,
1495 674 1567 699 eam
1578 671 1698 698 omnes
1712 660 1796 698 alias
1818 663 1961 698 virtutes
1976 658 2123 697 habutffe
2148 662 2292 697 comites
2307 657 2481 696 confesta-

375 720 428 754 rio
455 714 626 754 inserimus
645 737 656 749 .

469 764 711 810 Qapropter,
725 765 806 799 dum
821 762 889 801 Dei
903 764 1039 807 amicos,
1055 773 1218 811 tanquam
1227 763 1441 811 perfefiir’ores
1456 760 1562 810 ‚ficut
1576 758 1730 796 uberiori
1742 757 1915 807 replentur
1924 759 2045 808 gratia
2055 782 2067 801 ,
2091 759 2143 795 ita
2154 757 2346 807 potioribus
2360 753 2480 792 ornari

371 812 471 848 donis
491 825 531 848 ex
561 814 606 848 D.
621 812 809 851 Laurentio
825 811 1012 859 Justiniano
1023 812 1063 848 de
1076 812 1151 861 cast.
1166 822 1262 847 conn.
1275 813 1372 848 verb.
1393 812 1435 852 ἐς·
1451 809 1556 844 anim·
1570 820 1599 843 c.
1618 817 1670 854 17.
1685 815 1766 856 pag.
1780 807 1866 845 mihi
1881 819 1961 856 247.
1977 807 2114 844 erudior
2128 829 2141 850 ‚
2163 808 2204 843 ad
2215 820 2252 844 ea
2265 832 2278 852 ‚
2303 817 2379 853 quae
2405 805 2480 840 An·

370 862 451 904 gelo
467 861 580 897 nostro
596 861 638 897 de
656 859 700 896 iis
717 857 841 896 collata
857 860 949 895 fulffe
969 861 1138 902 invenio,
1164 859 1298 895 libanda
1313 860 1441 895 transeo
1457 883 1467 894 .

468 909 631 952 Angelus
648 908 683 944 in
700 910 744 951 se,
760 908 823 945 fuit
836 909 925 955 quasi
948 908 1115 943 continuo
1129 915 1224 943 extra
1237 908 1268 942 se
1282 932 1294 950 ,
1309 910 1343 944 8(
1358 909 1438 943 dum
1455 905 1700 948 manducabat,
1713 906 1770 942 vel
1788 906 1889 942 etiam
1907 917 1984 942 cum
2010 905 2086 942 aliis
2100 905 2294 943 conserebat
2305 926 2318 947 ,
2344 900 2483 939 occult&

371 958 495 993 amoris
510 958 545 992 vi
565 959 599 992 in
611 958 677 993 Coe
688 957 758 994 lum
774 955 1146 1003 rapiebatur-,suavique
1162 954 1262 991 extasi
1278 956 1441 1000 angelicae
1456 955 1534 991 vitae
1559 953 1726 1000 praegustu
1740 954 1946 1000 potiebatur.
1961 954 2164 990 Potiffimum
2180 966 2291 990 autem
2306 976 2320 996 ,
2342 951 2483 998 quando

372 1006 413 1041 ad
428 1006 533 1041 sacras
545 1016 618 1042 aras
635 1005 760 1041 litabat
776 1029 788 1047 ‚
812 1004 932 1039 divino
949 1003 1013 1040 hoc
1027 1002 1180 1051 deliquio
1195 1003 1391 1048 potiebatur
1405 1028 1417 1046 ‚
1446 1016 1515 1051 quo
1531 1003 1676 1042 durante
1691 1024 1704 1045 ‚
1726 1002 1872 1038 membra
1895 1002 1985 1047 quafi
2003 1003 2084 1047 gelu
2111 1002 2294 1038 constrifta
2308 1024 2321 1044 ,
2345 997 2482 1037 arteria·

373 1064 447 1089 rum
461 1065 600 1094 motus,
627 1054 660 1092 8(
677 1053 796 1100 pulsus
812 1052 1012 1098 suspensus,
1037 1052 1071 1089 8(
1086 1053 1244 1096 Angelus
1258 1063 1398 1088 mortuo
1410 1052 1549 1088 similior
1567 1052 1669 1099 quam
1694 1051 1782 1086 vivo
1807 1050 2007 1094 videbatur,
2032 1049 2234 1096 itaquidem,
2255 1060 2294 1085 ut
2314 1059 2376 1084 nec
2395 1045 2484 1082 indi-

373 1100 479 1138 screta
499 1103 722 1148 quorumdam
739 1100 914 1138 curiositas
929 1124 940 1142 ,
973 1110 1033 1136 nec
1055 1101 1161 1146 turpis
1186 1101 1330 1137 aliorum
1347 1100 1566 1138 incredulitas
1582 1124 1595 1143 ,
1616 1101 1669 1136 vel
1685 1100 1858 1135 tabaccum
1881 1109 1938 1134 aut
1950 1101 2078 1135 calcem
2105 1100 2218 1135 oculis
2232 1095 2485 1144 inspergendo,

373 1152 432 1186 vel
447 1152 581 1188 elevata
596 1152 741 1186 membra
755 1161 838 1192 acu,
851 1148 1014 1195 ferrifque
1030 1149 1141 1186 acutis
1161 1151 1344 1195 pungendo
1359 1173 1371 1194 ‚
1398 1150 1453 1186 vel
1481 1149 1558 1193 igne
1584 1160 1623 1184 ea
1636 1148 1825 1193 torrendo,
1845 1147 1983 1185 delicias
2005 1147 2120 1194 raptus
2143 1147 2278 1184 turbare
2294 1168 2308 1190 ,
2333 1142 2480 1190 solumqs

372 1199 480 1237 Sacra
500 1199 708 1235 Obedientia
723 1199 893 1244 Angelum
912 1197 954 1231 iis
972 1197 1179 1241 gaudentem
1195 1199 1359 1234 retrabere
1375 1198 1543 1245 potuerit.
2448 1208 2452 1210 ·

474 1250 613 1283 Donum
627 1248 814 1293 prophetice
825 1246 890 1281 fuit
905 1245 956 1281 illi
972 1244 1157 1281 familiare.
1187 1245 1377 1283 Vifloriam
1393 1246 1577 1286 Austriaco
1601 1247 1717 1283 valore
1729 1256 1846 1284 contra
1871 1247 2007 1283 Turcas
2026 1257 2116 1282 anno
2134 1254 2232 1292 ¹7¹7-
2265 1252 2422 1291 partam,
2443 1241 2482 1280 Sc

375 1295 581 1342 Belgradutn
598 1318 611 1337 ,
636 1295 690 1330 seu
708 1293 834 1330 Albam
852 1295 1007 1330 Graecam
1023 1291 1215 1330 Catholicae
1228 1295 1350 1332 ditioni
1377 1294 1544 1331 {uhaftam
1559 1295 1738 1341 praedixit:
1766 1297 1902 1332 Mortes
1918 1294 2083 1332 Virorum
2116 1293 2322 1334 illustrium
2344 1292 2380 1328 8e
2396 1290 2483 1327 alio-

372 1354 448 1378 rum
464 1344 498 1378 in
509 1342 623 1378 diffitis
640 1344 726 1380 locis
758 1342 952 1385 degentium
978 1351 1130 1391 tempore
1147 1366 1159 1384 ,
1184 1355 1254 1389 quo
1277 1345 1526 1387 succedebant,
1551 1343 1731 1390 patefecit3
1758 1345 1798 1381 dc
1825 1344 1980 1391 pluribus
2005 1342 2171 1379 defunelis
2204 1343 2330 1377 sortem
2357 1338 2483 1376 Divini

367 1390 519 1438 Judicii‚
547 1389 580 1424 8(
613 1390 647 1424 in
668 1389 775 1433 specie
791 1401 943 1425 aeternam
970 1391 1194 1436 quorumdam
1220 1391 1523 1428 Ecclefiasticorurn
1553 1391 1613 1427 fibi
1635 1403 1796 1428 uotorum
1822 1404 1947 1440 paenam
1967 1394 2062 1438 teque
2088 1392 2131 1427 ad
2155 1392 2356 1432 horrorem,
2380 1399 2418 1424 ac
2437 1386 2482 1426 ad

371 1437 616 1474 correctionem
640 1438 785 1472 aliorum
813 1439 985 1474 revelavit
1002 1465 1011 1474 .
1038 1439 1173 1475 Secreta
1191 1451 1330 1487 quoque
1358 1442 1512 1476 cordium
1529 1441 1575 1475 ita
1591 1445 1782 1486 penetravit
1797 1464 1811 1485 ,
1836 1451 1872 1477 ut
1885 1451 2042 1488 peccata,
2066 1451 2141 1486 quae
2165 1438 2220 1474 vel
2236 1437 2399 1479 oblivio,
2423 1436 2481 1472 vel

371 1488 481 1571 1pudor
508 1487 542 1521 in
570 1488 675 1523 Sacro
702 1486 883 1523 Tribunali
914 1486 1121 1532 reticuerat,
1150 1487 1406 1535 poenitentibus
1441 1500 1513 1524 non
1541 1490 1642 1527 semel
1669 1489 1864 1528 recensuerit
1893 1514 1909 1535 ,
1942 1488 2035 1536 quast
2063 1489 2098 1525 in
2127 1499 2226 1525 manu
2251 1487 2324 1535 ejus
2348 1483 2482 1522 fuiffenr.

386 1547 430 1572 cri
460 1546 492 1571 ta
507 1560 518 1572 .

436 1548 456 1583 Ρ
470 1583 614 1620 Veniam
623 1585 692 1633 jam
713 1586 752 1622 ad
769 1585 942 1630 visionem
971 1586 1120 1635 Angelis
1137 1599 1214 1625 cum
1234 1587 1376 1632 Angelo
1392 1587 1580 1625 conversari
1594 1615 1603 1630 ‚
1624 1587 1778 1635 huncque
1798 1587 1938 1624 visibilis
1952 1588 2015 1623 suae
2026 1586 2140 1623 sormae
2168 1587 2283 1633 lepore
2308 1582 2482 1626 recreare,v

375 1645 484 1670 rarum
498 1633 662 1669 nonfuit:
689 1637 898 1679 Angelorum
915 1637 1052 1682 Regina
1081 1637 1254 1683 Angelum
1279 1637 1320 1672 ad
1347 1637 1466 1673 suat-es
1492 1639 1666 1683 amplexus
1680 1649 1749 1673 non
1772 1635 2043 1675 semeladmifit3
2071 1636 2172 1672 filius
2197 1633 2358 1671 Hominis
2380 1631 2484 1669 Chri·
2512 1642 2520 1654 ·

370 1683 438 1719 ssus
459 1683 626 1718 Dominus
645 1685 780 1728 Angelo
799 1685 913 1732 saepius
940 1687 993 1720 vel
1024 1685 1133 1720 forma
1161 1685 1312 1721 hominis
1337 1685 1496 1731 parientis
1519 1685 1706 1729 amisium,
1732 1685 1912 1730 velgloria
1935 1707 1948 1727 ,
1971 1684 2003 1719 8(
2029 1685 2157 1720 honore
2181 1693 2381 1719 coronatum
2409 1680 2479 1718 se.-

372 1732 554 1766 videndum
582 1732 720 1777 praebult
743 1757 753 1768 .
782 1734 897 1769 Novit
922 1733 957 1768 &
984 1734 1140 1779 Angelus
1174 1732 1367 1779 aliqualiter
1393 1735 1530 1770 modum
1568 1757 1582 1777 ,
1610 1747 1681 1783 quo
1702 1733 1865 1786 ‚Christus
1904 1732 2051 1769 inexistit
2082 1731 2324 1780 Augussiffimo
2345 1727 2483 1767 Amoris

371 1782 584 1818 Sacramento
604 1792 616 1819 3
645 1780 734 1816 vidit
756 1781 789 1817 in
814 1793 911 1818 carne
935 1782 992 1818 sua
1019 1782 1163 1828 gloriam
1188 1782 1280 1824 Dei,
1305 1783 1474 1826 quantum
1501 1784 1521 1818 a
1543 1783 1681 1820 viatore
1702 1782 1809 1819 videri
1837 1783 1943 1830 potest
1963 1806 1973 1819 .
2003 1781 2145 1818 Homini
2166 1782 2207 1817 de
2231 1779 2374 1815 homine
2396 1778 2479 1814 talia.

369 1828 465 1874 loqui
477 1826 546 1863 fors
563 1839 628 1863 non
644 1828 757 1865 liceret
773 1855 782 1870 ,
806 1843 866 1867 nec
884 1843 950 1876 ego
965 1832 1022 1866 illa
1036 1830 1078 1866 de
1091 1831 1208 1866 nostro
1224 1830 1359 1873 Angelo
1389 1832 1722 1878 loquipraesumerem
1739 1853 1750 1871 ,
1773 1831 1831 1867 nili
1855 1829 2068 1868 invitaillius
2082 1852 2096 1873 ,
2121 1830 2155 1866 8(
2184 1824 2323 1875 propria
2346 1825 2481 1872 confes-⁶

368 1874 415 1912 fio
430 1900 444 1920 ‚
469 1876 505 1913 S.
519 1876 737 1913 Obedientiae
757 1878 888 1915 virtute
904 1880 946 1915 ab
957 1876 1109 1915 Ecclefiae
1124 1877 1279 1915 Praelatis
1294 1901 1305 1921 ,
1330 1879 1363 1914 8(
1377 1879 1521 1916 Ordinis
1534 1880 1778 1927 Superioribus
1789 1889 1927 1916 extorta
1953 1890 1992 1914 ea
2014 1877 2239 1915 confirmfifl'et
2252 1897 2264 1910 .

464 1924 519 1960 Ad
548 1926 687 1962 Donum
713 1930 926 1965 curationum
950 1952 964 1973 ,
1003 1929 1035 1964 8(
1063 1927 1206 1972 gratiam
1246 1928 1490 1963 miraculorum
1522 1930 1604 1965 dum
1631 1928 1834 1976 progredior
1865 1951 1877 1970 ,
1908 1938 1984 1963 cum
2003 1927 2140 1975 Joanne
2167 1936 2323 1973 repetere
2345 1934 2479 1969 cogor:

368 1970 454 2011 Vidi
488 1973 685 2021 Angelum.
704 1999 714 2011 .
730 2001 762 2012 ..
782 2003 792 2013 .
818 1976 995 2013 habentem
1016 1975 1206 2025 potestatem
1231 1987 1385 2023 magnam
1401 2002 1411 2012 .
1438 1979 1544 2026 Apoc.
1573 1977 1624 2014 18.
1650 1977 1803 2022 Angelus
1827 1977 1935 2014 noster
1961 1975 2115 2012 introivit
2143 1975 2177 2010 in
2206 1974 2378 2020 potentias
2402 1974 2480 2009 Do-

366 2022 446 2058 mini
470 2046 482 2065 ,
508 2022 542 2057 8(
565 2023 606 2059 ad
633 2025 723 2061 illius
752 2037 866 2072 preces
891 2027 975 2062 coeei
1001 2026 1157 2063 viderunt
1193 2050 1205 2070 ‚
1230 2025 1343 2062 claudi
1366 2028 1654 2067 ambulaverunt:
1678 2025 1831 2063 infirmos
1846 2050 1858 2071 ,
1882 2036 2086 2074 quacunque
2114 2024 2213 2060 etiam
2237 2021 2478 2059 detinebantur

368 2071 588 2114 infirmitate,
615 2072 860 2120 sanavir;leprae
876 2074 1168 2121 squamas,quibus
1182 2085 1323 2120 corpora
1339 2074 1523 2116 scatebant,
1533 2075 1679 2117 dererfit3
1694 2081 1834 2123 pluresa
1858 2074 1943 2110 vivo
1961 2073 2094 2109 inferno
2109 2096 2122 2117 ,
2146 2083 2234 2120 quos
2255 2070 2391 2119 spiritus
2413 2082 2482 2107 ma.

370 2118 449 2155 litiae
473 2119 652 2156 obsederat
675 2145 689 2165 ,
716 2121 877 2158 liberavit
901 2146 916 2167 ,
950 2124 1105 2170 pluribus
1132 2123 1312 2170 periodum
1338 2124 1417 2159 virae
1441 2127 1663 2171 prolongavit
1687 2149 1700 2168 ,
1734 2124 1767 2159 &
1793 2125 1927 2160 duobus
1951 2121 2134 2158 infantibus
2163 2145 2177 2165 ‚
2201 2120 2262 2168 qui
2288 2120 2351 2156 (ine
2377 2119 2479 2155 vita-e

366 2179 411 2202 ex
434 2178 531 2204 utero
557 2169 672 2206 matris
699 2170 857 2215 prodiere
894 2195 907 2214 ‚
936 2173 1027 2207 illam
1054 2171 1147 2210 dedit
1172 2197 1183 2208 .
1211 2171 1344 2207 Vocem
1374 2172 1498 2217 Angeli
1525 2174 1686 2210 exterrita
1714 2173 1885 2209 Elementa
1921 2170 2074 2206 officiolo
2098 2169 2263 2215 obsequio
2288 2169 2482 2215 excepere:

368 2217 423 2252 a‘c'r
448 2216 540 2253 illius
564 2228 691 2263 corpus
715 2218 750 2254 in
775 2219 914 2255 sublime
935 2231 1068 2267 raptum
1096 2245 1108 2263 ‚
1134 2221 1168 2256 8<
1194 2220 1261 2256 fine
1289 2220 1363 2256 base
1390 2222 1570 2268 pendulum
1598 2223 1739 2260 retinuit
1767 2233 1779 2261 3
1805 2232 1923 2268 aquam
1946 2219 2032 2255 sicco
2056 2217 2245 2264 pertransiit
2268 2217 2379 2264 pede,
2404 2225 2478 2260 ¹1⁸¹!

367 2264 524 2311 batasque
552 2265 644 2302 illius
671 2265 851 2304 seditiones
888 2268 1008 2316 saepius
1034 2269 1167 2316 pacavit
1200 2281 1214 2309 3
1245 2270 1375 2305 voratis
1400 2271 1489 2317 ignis
1514 2271 1614 2309 furias
1639 2272 1823 2314 coercuit,
1848 2268 2057 2315 sterilemque
2083 2277 2203 2304 tetram
2227 2265 2392 2303 fluetibus
2413 2265 2480 2302 ἰοε-

368 2313 527 2348 cundavir
539 2339 549 2351 .
579 2316 736 2359 Angelus
760 2317 890 2354 clausas
911 2316 1075 2364 ingressus
1085 2318 1132 2354 est
1148 2329 1264 2364 portas
1276 2342 1288 2361 ,
1303 2317 1398 2354 simul
1423 2320 1457 2355 8(
1484 2319 1583 2357 semel
1598 2321 1634 2357 in
1648 2318 1788 2357 diversis
1804 2319 1894 2358 visus
1905 2317 1989 2354 locis
2005 2315 2063 2360 ,ἃ
2079 2314 2258 2352 renovavit
2285 2313 2477 2361 aliqualiter

362 2361 467 2409 josue
494 2372 683 2409 portentum
707 2388 720 2409 ‚
753 2364 902 2412 dumque
931 2368 974 2404 ad
1000 2365 1110 2414 hujus·
1137 2366 1316 2412 imperium
1347 2369 1410 2404 Sol
1435 2378 1553 2405 contra
1579 2370 1729 2406 Gabaon
1765 2369 1898 2406 cursum
1925 2366 2019 2402 suum
2045 2363 2215 2412 suspendit
2242 2386 2256 2409 ,
2280 2362 2323 2400 ad
2349 2361 2480 2408 Angelt

369 2421 489 2446 nutum
515 2411 587 2448 dies
612 2413 709 2448 suum
748 2415 926 2452 terminum
960 2415 1003 2451 ad
1028 2418 1141 2462 plures
1161 2415 1262 2453 horas
1285 2416 1511 2461 prolongavit
1528 2443 1537 2453 .
1564 2417 1723 2454 Praescius
1747 2418 1880 2454 tandem
1910 2412 2111 2459 temporis}
2145 2424 2216 2460 quo
2235 2409 2401 2448 resolutio
2423 2410 2478 2446 in-

370 2458 475 2494 st³b³¹
491 2482 503 2501 ν
528 2461 730 2507 praeparavit
758 2465 917 2510 Angelus
939 2465 1030 2501 viam
1057 2465 1147 2500 suam
1162 2486 1176 2507 ,
1204 2463 1238 2499 &
1262 2463 1354 2499 senio
1379 2464 1475 2500 feffus
1508 2467 1527 2500 ὲ
1557 2466 1709 2501 Domino
1730 2465 1764 2500 in
1794 2476 1874 2513 pace
1897 2463 2025 2501 dimitti
2049 2485 2061 2506 ,
2082 2471 2255 2508 nunquam
2276 2459 2478 2506 interrupta

369 2506 565 2545 devotionis
590 2510 731 2555 suspirio
761 2512 947 2559 exoptavit
969 2536 982 2554 ,
1007 2512 1138 2559 fuitque
1167 2512 1246 2548 anni
1274 2520 1370 2558 1739.
1399 2513 1472 2549 dies
1496 2513 1683 2558 trigesimus
1706 2511 1872 2550 oaobris
1894 2537 1908 2556 ,
1931 2511 1989 2556 qui
2015 2511 2049 2546 in
2072 2510 2162 2546 diem
2189 2507 2332 2545 Veneris
2356 2531 2371 2551 2
2397 2509 2477 2544 DO‘

368 2554 496 2609 minicae
525 2558 668 2594 Paffioni
696 2561 835 2596 Sacrum
857 2584 869 2604 ,
893 2561 927 2596 8(
949 2561 992 2596 ab
1018 2562 1158 2606 Angelo
1181 2561 1263 2597 ideo
1287 2559 1446 2597 severiori
1478 2562 1585 2606 flagro
1611 2563 1736 2610 semper
1761 2562 1931 2605 dicatum,
1957 2573 2038 2597 tunc
2063 2558 2228 2601 cadebat,
2254 2566 2326 2605 quo
2350 2555 2385 2591 in
2409 2566 2473 2604 pa·

372 2611 439 2637 trio
464 2603 520 2657 suo
541 2606 730 2643 Conventu
750 2631 762 2651 ,
798 2608 900 2644 aetatis
926 2609 990 2645 suae
1010 2610 1099 2645 ultra
1121 2609 1329 2655 septuaginta
1356 2621 1464 2646 annos
1489 2610 1550 2646 sub
1579 2612 1671 2647 dulci
1686 2611 1767 2659 jesu
1785 2610 1934 2647 Nomine
1956 2607 2060 2646 emifit
2082 2606 2256 2655 spiritum.
2284 2604 2477 2652 visumque

374 2650 422 2685 est
446 2651 581 2689 (mlum
611 2655 684 2701 jam
714 2657 808 2703 prius
843 2658 885 2693 de
912 2657 1007 2694 illius
1035 2658 1136 2694 laetari
1160 2658 1312 2694 adventu
1337 2681 1348 2700 ‚
1378 2659 1457 2693 dum
1483 2658 1516 2694 in
1543 2660 1665 2696 morbi·
1684 2660 1832 2696 exordio
1860 2659 1916 2696 sua
1947 2658 2037 2694 dona
2062 2657 2100 2692 in
2128 2667 2171 2692 eo
2195 2653 2438 2702 multiplicavit
2459 2675 2477 2696 ,

371 2698 477 2734 otlore
502 2700 690 2739 suaviffimo
715 2716 826 2741 totum
852 2707 1076 2742 Conventum
1102 2706 1259 2752 implevit
1283 2730 1296 2750 ,
1320 2706 1355 2741 8(
1377 2706 1532 2750 longiore
1555 2707 1705 2744 extasum
1732 2707 1865 2745 nefi’tare
1889 2708 1985 2743 illum
2015 2705 2107 2752 pavit
2124 2732 2132 2742 .
2159 2703 2241 2740 Visa
2269 2701 2363 2739 Acrii
2389 2711 2477 2738 nun-

371 2757 474 2802 quan!
496 2748 559 2783 fuit
583 2760 674 2787 tanta
699 2756 819 2801 populi
843 2753 1024 2798 confufio,
1048 2768 1089 2792 ac
1113 2755 1172 2790 illa
1197 2753 1262 2791 fuit
1275 2780 1286 2797 ,
1312 2766 1387 2801 quae
1412 2755 1548 2799 lugubri
1577 2759 1727 2793 tumultu
1750 2758 1790 2794 ad
1805 2756 1988 2805 parentalia
2004 2754 2128 2800 Augen
2142 2777 2156 2796 ,
2171 2763 2251 2790 toto
2265 2749 2387 2794 Cleroi
2403 2750 2474 2788 Sae-

372 2795 474 2829 culm
498 2800 531 2830 &
559 2798 748 2845 Roganti,
780 2804 815 2839 8(
842 2803 998 2850 Principe
1027 2801 1241 2839 Bifinianenfi
1280 2827 1294 2847 ,
1327 2805 1469 2850 totaque
1495 2804 1567 2851 ejus
1590 2806 1682 2842 Aula
1705 2806 1921 2852 praesentibus
1949 2829 1963 2848 ,
1995 2815 2036 2842 ac
2059 2802 2171 2849 mixto
2197 2801 2331 2848 piorum
2363 2797 2476 2850 fletu,

372 2852 412 2897 ὃς
433 2842 634 2901 obsessorum
654 2850 783 2886 ululatu
807 2852 971 2888 celebrata
993 2863 1003 2886 :
1040 2852 1106 2889 His
1126 2851 1328 2890 durantibus
1351 2853 1451 2889 facies
1477 2854 1665 2890 Cadaveris
1692 2853 1785 2891 varie
1809 2861 1935 2891 mutata
1962 2852 2027 2889 fuir
2057 2851 2150 2894 visa,
2168 2850 2239 2900 jam
2261 2847 2350 2887 enim
2371 2857 2473 2882 oran·

373 2898 417 2924 ¹¹⁸
440 2888 577 2948 “02'QO
591 2920 601 2936 2
620 2906 688 2940 lam
716 2901 802 2935 verb
823 2900 965 2937 ridentis
992 2899 1134 2943 figuram
1159 2901 1338 2947 praesetulit
1359 2926 1372 2945 ,
1399 2901 1583 2948 omnesque
1605 2903 1738 2939 interno
1763 2904 1911 2949 quodam
1934 2900 2062 2946 gaudio
2094 2897 2236 2945 replevit
2251 2924 2260 2933 .
2290 2894 2474 2932 ludiscretae

370 2937 545 2993 devotiont
572 2952 609 2976 ut
637 2942 833 2991 satisfieret,
865 2948 1041 2984 frustulum
1069 2949 1215 2986 Habirns
1245 2951 1385 2987 cuilibet
1409 2950 1452 2984 ab
1481 2949 1554 2996 ipso
1581 2950 1735 2999 Principe
1762 2951 1824 2986 fuit
1855 2950 2080 2996 dispensatum
2102 2970 2115 2990 ‚
2154 2957 2199 2985 ex
2221 2957 2291 2992 quo
2313 2943 2472 2980 Cssdssvet

370 2989 647 3043 rutra-capellam
672 2993 786 3039 saepius
811 2997 926 3032 vestiri
955 2995 1081 3032 necesse
1110 2997 1173 3035 fuit
1194 3025 1202 3035 .
1242 2999 1423 3035 Ambiebat
1445 2998 1478 3033 8(
1503 2998 1573 3043 ipse
1598 2997 1757 3044 Princeps
1790 2996 1947 3042 singulari
1971 2996 2162 3032 devotione
2190 2992 2348 3041 quasdam
2385 2993 2472 3028 San-

374 3044 487 3076 gfflms
510 3046 625 3094 guttas
646 3062 658 3082 ‚
681 3042 700 3074 ἐι
726 3041 756 3077 se
779 3044 1024 3080 conservandas
1047 3056 1059 3084 3
1092 3056 1126 3080 at
1147 3069 1161 3088 ,
1183 3047 1263 3082 dum
1302 3057 1427 3094 corpus
1449 3047 1560 3094 aperta
1587 3047 1711 3084 brachii
1737 3047 1826 3082 vena
1853 3045 1973 3081 durum
1992 3065 2006 3088 ,
2029 3044 2063 3079 &
2091 3042 2155 3078 {ine
2176 3040 2345 3086 sanguinis
2371 3040 2472 3078 fluxu

374 3079 492 3116 smum
517 3086 625 3128 V¹d¹ts
659 3099 724 3123 non
755 3093 870 3136 parum
893 3092 974 3129 inde
997 3093 1152 3130 turbatus
1178 3093 1297 3132 rediit.
1334 3095 1472 3132 Postero
1499 3093 1555 3129 die
1583 3093 1673 3130 visus
1698 3094 1743 3130 est
1773 3093 1806 3128 in
1820 3092 1998 3130 Cadavere
2017 3093 2108 3128 calor
2126 3114 2137 3133 ,
2163 3090 2316 3136 exiitque
2340 3096 2384 3124 ex
2425 3099 2470 3127 eo

376 3126 474 3183 sudor
499 3134 637 3170 coelestis
664 3135 846 3182 fragrantiae
863 3163 875 3183 ,
898 3140 991 3187 quod
1007 3167 1017 3183 ‚
1037 3140 1116 3177 ficut
1128 3153 1259 3176 novum
1285 3144 1405 3188 populi
1432 3142 1628 3180 concursum
1661 3140 1823 3184 excivit,
1852 3139 1899 3178 ita
1933 3138 2263 3180 Reverendiffimum
2297 3139 2343 3174 D.
2365 3135 2471 3186 Vica-

374 3185 462 3210 rtum
484 3178 682 3219 Generalem
712 3187 821 3223 movit
831 3212 845 3232 ,
878 3200 917 3225 ut
942 3201 1018 3225 cum
1047 3190 1086 3225 P.
1109 3189 1313 3225 Guardiano
1332 3191 1491 3227 Cadaver
1515 3189 1718 3237 inspiceret,
1751 3189 1785 3224 8(
1814 3187 1959 3235 eoipso,
1996 3189 2088 3235 quod
2121 3187 2204 3223 illud
2230 3187 2344 3233 agile,
2371 3193 2467 3224 tene-

376 3226 534 3278 rum‚.&
561 3228 710 3269 flexibile
734 3239 890 3281 reperiret
910 3261 924 3280 ,
963 3238 1100 3272 noviter
1124 3249 1244 3274 venam
1273 3238 1372 3275 secari
1393 3237 1547 3285 jusserit.
1573 3237 1746 3282 Sanguis,
1776 3237 1835 3286 qui
1859 3235 2000 3285 copiose
2036 3236 2159 3272 exinde
2184 3236 2295 3279 exiit,
2327 3233 2470 3270 adauxit

378 3273 496 3314 P⁰P⁰¹¹
536 3275 701 3332 ssuqorem
726 3305 739 3325 ,
772 3285 936 3331 Principis
966 3308 980 3327 ,
1014 3286 1072 3331 qui
1097 3287 1278 3331 ampullam
1307 3288 1436 3322 devote
1458 3283 1658 3332 adimplevit
1681 3309 1696 3329 ,
1730 3297 1810 3324 vota
1839 3285 2031 3332 complevit
2062 3308 2074 3329 ‚
2112 3285 2146 3321 &
2173 3285 2254 3321 dum
2285 3282 2326 3319 ad
2353 3291 2466 3328 preces

382 3327 525 3361 ‘mum’
552 3333 609 3366 ‘1¹¹¹
626 3336 715 3362 erant
734 3331 944 3369 conscicntiae
965 3333 1086 3375 bonae,
1111 3333 1226 3370 fluxu
1250 3334 1351 3371 suerit
1376 3334 1583 3380 replicatus.
1607 3333 1775 3371 mansit&
1799 3333 1924 3371 exinde
1938 3334 2153 3381 ssportentum
2183 3331 2464 3379 multiplicatum.

378 3361 528 3399 P⁰s¹¹¹¹m
554 3369 664 3424 ¹²9st“2
675 3375 829 3432 Cadaver
842 3380 874 3415 in
898 3392 987 3424 arca,
1002 3381 1112 3418 tribus
1124 3382 1235 3419 clausa
1260 3384 1414 3419 clav-bus
1437 3407 1448 3424 ‚
1476 3393 1616 3428 quarum
1643 3394 1744 3421 unam
1768 3383 1929 3429 Princeps
1955 3381 2138 3420 Terrirorii
2159 3405 2170 3421 ,
2196 3383 2330 3418 alteram
2366 3377 2463 3424 Epis-

378 3420 487 3466 ‘01‘3'3
513 3414 590 3450 1-00'
607 3439 621 3458 ³
641 3419 673 3453 8(
696 3430 821 3460 ternam
846 3430 955 3466 noster
981 3428 1028 3464 ibi
1055 3429 1260 3467 Conventus
1281 3432 1487 3471 conservat,
1512 3430 1546 3466 &
1569 3431 1780 3468 reconditum
1816 3431 1858 3468 ad
1881 3442 1988 3467 cornu
2014 3429 2190 3477 Evangelii
2214 3432 2294 3464 Arae
2317 3424 2462 3473 Majoris

379 3467 475 3492 ''⁸¹¹“
500 3463 693 3501 ⁰⁰¹¹⁰stf²¹¹¹
723 3468 809 3514 58⁰²
834 3499 844 3514 ,
871 3476 904 3511 8(
925 3490 993 3513 non
1021 3479 1154 3515 recedet
1181 3478 1340 3515 memoria
1366 3477 1490 3522 Angeli
1519 3503 1532 3522 ,
1562 3490 1755 3526 nomenque
1783 3479 1857 3526 ejus
1881 3478 2070 3526 requiretur
2101 3480 2121 3512 a
2143 3474 2366 3522 generatione
2392 3473 2459 3509 in..

375 3502 659 3592 ξὲᾓεΓἮΟέῧ,
688 3517 720 3549 &
749 3518 908 3559 virtutem
933 3524 1031 3572 ejus,
1061 3537 1163 3572 quam
1189 3526 1400 3576 Episcopalis
1425 3527 1577 3564 Censura
1602 3526 1736 3566 defaeto
1761 3526 1924 3572 dilcutit‚
1948 3526 2137 3565 enuntiabit
2158 3549 2172 3572 ,
2202 3523 2224 3561 fl
2250 3521 2392 3562 ominari
2420 3523 2460 3566 li-¹

461 3575 475 3597 a
532 3567 571 3590 un
650 3561 715 3596 Det
743 3563 908 3607 Ecclesia.

468 3647 523 3687 Ex
545 3651 684 3703 Ma'ms·
696 3656 887 3701 Provincia
899 3688 913 3709 ‚
941 3667 983 3709 ὠ·
1000 3671 1078 3708 Lib.
1091 3669 1271 3710 intitulato
1285 3672 1443 3711 Calabria
1459 3671 1583 3712 Sanan
1594 3695 1610 3718 ‚
1633 3670 1676 3717 dr
1686 3673 1821 3726 testibus
1841 3674 1883 3713 de
1899 3674 2000 3727 vista

2304 3837 2400 3880 DE-

2656 2269 2664 2279 a
2662 2210 2664 2213 ,
2660 2132 2661 2135 Α
