2664 4114
964 241 1622 359 Meffanensts.

238 372 341 402 ¹rien.
359 358 550 402 Dio'ecesis
576 358 721 414 petitio
735 356 990 408 continebat,
1015 361 1120 410 quod
1136 361 1231 398 aii-is
1248 387 1261 409 ‚

251 417 455 473 postquam
473 416 541 459 fel.
560 432 645 458 rec.
659 417 883 470 Gregorius
900 416 1004 468 Papa
1020 417 1137 459 Xlll.
1157 418 1254 458 Prae<

238 476 342 516 dec.
356 477 487 518 noster
515 475 862 530 supplicationibus
887 483 984 515 tunc
1007 474 1260 517 existentium

252 534 470 576 Guardiani
487 562 499 583 ‚
522 537 753 577 &Fratrum
775 532 887 572 dicta:
907 529 1054 573 Domus
1083 530 1260 573 afferen-

247 592 348 633 tium
365 593 548 634 eamdem
570 595 741 632 Domum
754 594 776 633 a
791 590 974 631 Civitate
1002 587 1182 631 Meffanae
1199 591 1260 631 ni-

246 651 368 692 mium
381 652 526 692 distare
538 678 552 700 ‚
570 646 716 701 illiusq3
726 651 880 688 Fratres
900 647 1074 690 infirmos
1090 648 1259 691 difficul—

246 719 308 750 ter
326 708 520 751 §Medicis
534 706 733 754 vilitati,&
746 706 794 745 ab
810 719 951 747 eorum
968 705 1260 749 infirmitatibus

244 768 374 808 curari
391 765 518 821 polle,
537 766 576 806 in
589 777 635 804 ea
650 775 765 818 parte
780 776 876 804 tunc
892 763 1103 806 inclinatus
1119 764 1259 805 Eccle-

237 827 352 876 liam,
366 821 708 867 Annuntiatellam
722 832 1006 876 nuncupatam,
1017 822 1126 862 dietae
1144 821 1258 864 Dioe-

233 881 348 932 cefi,
374 896 458 937 quae
490 881 569 922 line
594 893 688 922 cura
713 905 727 926 ‚
762 881 802 920 &
825 879 877 920 de
905 879 993 933 jure
1022 890 1255 933 patronatus

242 941 454 983 Laicorum
480 953 528 980 ex
555 936 818 988 fundatione,
846 936 910 980 seu
936 938 1144 980 dotatione
1172 938 1254 979 exi-

239 998 366 1040 stebat
380 1027 396 1048 ,
418 1006 535 1039 certo
550 1006 644 1038 tunc
662 995 845 1050 expresso
876 996 999 1037 modo
1018 1005 1228 1038 vacantem
1244 1023 1258 1045 ‚

241 1070 334 1098 cum
358 1055 466 1098 illius
494 1058 626 1097 Domo
645 1083 660 1106 ‚
685 1054 750 1096 seu
771 1054 995 1104 omnibus,
1021 1068 1068 1095 ac
1097 1053 1258 1094 Virida·

242 1116 304 1157 rio
318 1143 332 1165 ,
356 1116 396 1155 &
409 1113 590 1156 Cisterna
603 1143 619 1163 ,
644 1112 811 1166 aliisque
828 1112 1018 1152 membris
1035 1139 1049 1161 ,
1079 1109 1228 1164 juribus
1243 1138 1257 1161 ‚

239 1175 280 1214 δι
302 1171 555 1228 pertinentiis
581 1171 654 1212 suis
668 1171 779 1211 dic'tae
799 1171 942 1210 Domui
965 1168 1156 1222 Regulari
1172 1195 1185 1217 ,
1207 1168 1256 1208 ad

240 1230 421 1273 effestum
442 1229 537 1269 inibi
553 1242 668 1270 unam
687 1226 952 1268 infirmariam
980 1240 1052 1280 pro
1068 1225 1255 1266 curandis

235 1289 352 1330 dietis
369 1287 570 1331 Fratribus
595 1283 756 1326 infirmis
772 1285 1027 1326 construendi
1040 1313 1053 1334 ‚
1079 1286 1118 1324 δι
1133 1283 1256 1326 aedifi-

239 1346 375 1397 candi,
387 1346 440 1387 de
452 1343 561 1385 dic'tae
570 1343 747 1384 Ecclesiae
766 1346 1026 1384 patronorum
1043 1341 1256 1393 consensu,

237 1418 312 1460 per
330 1405 414 1446 suas
438 1403 577 1443 literas
601 1403 801 1456 perpetuo
815 1403 995 1444 univerat
1011 1429 1026 1452 ,
1049 1415 1253 1442 annexue-

231 1472 298 1505 rat
318 1487 333 1510 ‚
363 1463 402 1504 &
429 1462 785 1515 iiicorporaverat‚
813 1455 881 1501 seu
906 1457 1152 1502 concefferat
1171 1487 1184 1509 ‚
1215 1461 1256 1500 δε

229 1520 520 1575 'affignaverat3
538 1518 711 1572 dieique
727 1520 888 1559 Fratres
910 1519 984 1572 piis
1002 1516 1256 1559 Chrislifide-

237 1579 335 1622 lium
358 1576 626 1630 eleemosynis
643 1587 851 1618 terrenum
868 1605 884 1627 ,
906 1578 946 1617 δι
968 1575 1152 1631 quasdam
1172 1578 1256 1616 Do-

232 1651 318 1680 mos
336 1637 483 1678 vicinas
499 1635 579 1676 emi
612 1643 855 1677 curaverant
869 1664 884 1685 ,
910 1634 1064 1689 suisque
1082 1634 1223 1674 labore
1240 1661 1254 1684 ,

231 1698 278 1738 ἀ
293 1695 447 1750 opera,⁴
473 1708 518 1735 ac
540 1693 722 1738 industria
738 1692 1002 1736 Infirniariam
1030 1689 1250 1748 hujusmodi

237 1753 386 1796 ibidem
403 1753 738 1804 construxerant,
763 1766 806 1794 ac
829 1751 897 1792 illa
913 1761 1078 1793 eatenus
1095 1751 1146 1791 usi
1164 1749 1252 1792 fue-

232 1821 353 1864 rant,
378 1814 418 1853 &
444 1810 605 1852 subinde
634 1809 838 1865 quondam
863 1811 1137 1863 Hieronymus
1165 1813 1251 1849 Co-

231 1883 317 1913 mes
346 1871 384 1911 in
414 1870 479 1911 suo
494 1868 637 1909 ultimo
656 1869 912 1910 Testamento
928 1867 1138 1921 Hospitale
1156 1880 1250 1921 prae-

229 1928 379 1970 dic'tum
412 1926 610 1967 haeredem
640 1925 909 1966 universalem
936 1925 1133 1966 bonorum
1163 1927 1249 1965 suo-

230 2000 322 2029 rum
341 1984 561 2027 instituerat
578 2011 592 2033 ‚
615 1984 655 2023 &
679 1997 752 2038 per
771 1984 873 2024 viam
899 1982 1023 2037 legati
1051 1982 1250 2037 disposue-

227 2054 323 2094 rat,
355 2042 460 2099 quod
496 2043 645 2084 Reuor
666 2070 681 2092 ,
712 2039 775 2083 seu
809 2041 1123 2083 Administrator
1155 2040 1249 2082 dicii

225 2101 448 2158 Hospitalis
473 2110 567 2142 tunc
590 2100 758 2142 existens
780 2101 951 2142 deberet
978 2100 1126 2141 eisdem
1153 2102 1249 2141 Fra»-

228 2162 357 2203 tribus
380 2159 552 2202 construi
579 2156 713 2199 facere
743 2173 857 2200 unam
890 2172 1033 2200 novam
1066 2156 1249 2200 infirma-

225 2220 327 2262 riam
341 2220 381 2259 in
401 2217 494 2258 loco
510 2217 567 2258 eis
586 2216 686 2258 bene
717 2216 797 2258 viso
828 2218 868 2257 &
898 2217 1140 2267 commodo,
1168 2230 1246 2259 eit-2

228 2275 464 2319 conditione
479 2303 494 2324 ,
521 2272 626 2328 quod
643 2272 708 2326 ipfi
733 2275 890 2317 Fratres
909 2275 1111 2329 antiquam
1130 2273 1245 2315 infir-

232 2334 397 2376 mariam
417 2331 640 2387 praediuam
659 2330 854 2385 Hospitali
877 2334 1152 2374 concederent
1172 2360 1185 2382 ‚
1209 2333 1246 2371 &

233 2391 447 2435 succeffive
465 2393 549 2432 Nos
567 2389 916 2442 supplicationibus
930 2391 1153 2432 Guardiani
1168 2415 1182 2436 ·,
1207 2391 1248 2429 δι

234 2455 420 2494 Fratrum
446 2447 721 2503 praedistorum
739 2448 864 2491 Nobis
886 2449 926 2488 in
954 2462 999 2490 ea
1017 2460 1131 2503 parte
1154 2461 1249 2501 por-

232 2509 349 2552 restis
367 2508 489 2549 etiam
507 2506 716 2556 inclinati,
743 2507 904 2547 Vicario
926 2516 1020 2548 tunc
1044 2507 1246 2549 existentis

231 2563 793 2621 ArchiepiscopiMeffan.,per
804 2564 901 2606 alias
915 2566 1065 2607 nostras
1079 2563 1246 2618 desuper

231 2627 270 2668 in
301 2623 426 2667 forma
459 2624 597 2665 Brevis
625 2622 985 2678 expeditasliteras
1009 2622 1247 2665 dederamus

232 2688 273 2726 in
286 2682 699 2737 mandatis‚quatenus
716 2680 1131 2723 dictamlnfirmariam
1147 2681 1246 2722 anti-

231 2756 351 2796 quam
373 2754 463 2783 cum
491 2738 568 2781 suis
586 2740 778 2781 Domibus
794 2768 809 2789 ,
835 2740 1011 2782 terrenis
1026 2765 1039 2788 ,
1066 2739 1215 2794 juribus
1232 2766 1246 2789 ,

230 2803 269 2842 &
288 2797 543 2854 pertinentiis
563 2795 638 2839 suis
661 2799 709 2839 ab
734 2798 877 2839 eadem
903 2800 1030 2840 Domo
1051 2796 1242 2850 Regulari

231 2858 478 2901 authoritate
493 2855 623 2898 nostra
646 2857 845 2909 perpetuo
859 2854 1162 2897 dismembraret
1178 2882 1191 2903 ,
1206 2856 1243 2895 &

230 2916 464 2972 separaret,
490 2915 678 2969 illamque
693 2913 741 2954 fic
764 2913 1111 2962 dismembratam,
1134 2910 1244 2953 &se-

230 2986 413 3032 paratam
440 2974 549 3014 dieto
568 2970 900 3026 Hospitalietiam
923 2972 1122 3026 perpetuo
1146 2984 1244 3011 con-

233 3033 401 3076 cederet
425 3045 437 3073 :
469 3030 644 3086 denique
676 3028 940 3079 Guardiano,
972 3031 1012 3070 &
1040 3029 1245 3071 Fratribus

233 3091 429 3147 praedic'tis
454 3090 493 3130 in
517 3090 623 3132 dieta
648 3101 750 3129 nova
766 3085 988 3130 infirmaria
1005 3115 1018 3136 ³
1045 3087 1246 3142 postquam

236 3148 454 3191 constructa
467 3145 574 3190 foret
588 3177 603 3198 ,
628 3146 828 3189 habitandi
846 3146 1047 3189 licentiam
1063 3148 1099 3187 δι
1117 3143 1247 3187 facul-

236 3217 364 3250 tatem
387 3208 636 3248 authoritate
661 3203 795 3246 nostra
822 3204 1095 3258 elargiretur3
1129 3213 1247 3259 prout

236 3267 276 3308 in
294 3263 450 3320 singuiis
468 3263 594 3305 literis
609 3262 801 3318 praediCtis
817 3263 972 3316 plenius
990 3264 1220 3304 continetur
1233 3291 1245 3302 .

239 3328 346 3366 Cum
364 3321 610 3378 postmodum
638 3319 842 3376 praediatus
857 3322 1054 3363 Antonius
1075 3321 1129 3363 de
1143 3319 1246 3361 dieta

235 3382 416 3427 Ecclesia
441 3390 629 3433 tanquam
640 3392 716 3434 per
738 3377 893 3422 obitum
914 3379 1116 3434 quondam
1137 3377 1246 3434 Jose-

236 3442 304 3498 phi
319 3439 485 3496 Regillo
507 3438 615 3479 illius
631 3465 645 3488 ,
669 3436 763 3478 dum
784 3438 960 3488 viveret,
974 3439 1158 3479 Rec‘toris
1183 3450 1253 3479 ex-

237 3510 297 3542 tra
314 3501 538 3542 Romanam
550 3499 715 3538 Curiam
732 3494 908 3536 defunfti
926 3504 1091 3537 vacante
1107 3523 1120 3545 ,
1143 3495 1250 3536 ordi-

237 3557 347 3599 naria
377 3556 446 3598 fibi
479 3553 726 3597 authoritate
757 3552 960 3607 provideri
987 3551 1216 3594 obtinuisset
1235 3581 1250 3603 ‚

237 3628 284 3656 ac
299 3614 467 3669 priores,
480 3614 530 3654 εὸ
547 3612 654 3667 quod
671 3610 736 3666 ipfi
751 3611 1025 3662 Guardianus,
1038 3613 1076 3653 ὅ(
1090 3613 1249 3653 Fratres

236 3674 277 3714 in
297 3671 537 3723 illis-fructus
555 3699 568 3722 ‚
592 3668 778 3712 redditus
794 3698 807 3722 ,
833 3671 872 3710 &
894 3680 1114 3725 proventus
1138 3669 1251 3710 diatae

237 3729 424 3772 Ecclefiae
442 3730 570 3771 nullos
588 3727 666 3770 effe
687 3741 757 3783 per
774 3742 953 3770 errorem
980 3726 1249 3774 asseruerant,

234 3789 468 3845 posteriores
495 3788 591 3830 vero
618 3785 755 3830 literas
781 3787 1002 3843 hujusmodi
1023 3815 1037 3838 2
1061 3788 1112 3828 ob
1136 3799 1248 3828 non..-

2120 249 2270 332 181

1324 361 1464 402 fastam
1481 376 1518 401 in
1536 367 1594 402 eis
1611 360 1863 403 mentionem
1881 358 2038 402 unionis
2054 387 2069 410 ‚
2096 361 2353 412 annexionis,

1319 419 1709 473 &incorporationis
1729 420 2004 472 praeditSlarum
2017 444 2031 463 2
2048 417 2270 466 invalidas,
2284 416 2352 457 seu

1323 478 1452 520 nullas
1467 505 1480 527 ,
1500 477 1563 517 vel
1581 476 1718 518 saltem
1736 478 1993 532 subreptitias
2006 505 2021 526 ,
2047 477 2085 516 &
2100 477 2349 524 obreptitia-s

1321 533 1400 576 effe.
1415 544 1600 589 pateret,
1624 533 1748 589 lisque
1773 538 1811 575 &
1827 531 2105 577 ‘controversia
2128 535 2234 573 inter
2260 530 2351 583 eos-

1321 593 1413 634 dem
1429 591 1704 634 Guardianum
1720 594 1759 632 &
1780 595 1939 635 Fratres
1957 621 1970 644 ‚
1995 606 2042 633 ac
2063 594 2282 634 Rectorem
2307 591 2349 631 δε

1322 650 1649 693 Gubernatorem
1668 675 1682 697 ‚
1710 663 1783 690 nec
1798 664 1878 691 non
1897 652 2122 693 Antonium
2140 648 2348 705 praedic‘tos

1320 708 1493 761 desuper
1505 715 1593 749 orta
1609 733 1623 755 ,
1643 703 1712 747 seu
1729 708 1828 747 oriri
1846 706 2134 750 formidaretur
2150 737 2164 758 ,
2179 705 2347 749 tandem

1319 764 1384 818 ipfi
1401 764 1606 817 cupientes
1636 762 1752 804 litem
1774 765 1813 803 &
1840 764 1998 806 causam
2016 764 2244 820 hujusmodi
2259 764 2349 805 evi-

1319 832 1424 871 tare,
1440 817 1722 874 laboribusque
1738 822 1776 861 &
1790 824 1969 874 expensis
1991 821 2348 876 parcere,nonnul-

1320 878 1447 921 lorum
1465 877 1592 919 forsan
1611 879 1889 920 communium
1908 881 2127 920 amicorum
2147 881 2349 922 interven·

1319 945 1391 985 tu,
1417 951 1462 978 ac
1481 937 1580 978 alias
1606 950 1681 991 pro
1709 937 1813 977 bono
1829 937 1937 991 pacis
1952 938 2002 978 ad
2021 934 2348 992 infrascriptam...

1320 994 1388 1037 sub
1415 994 1591 1045 Nostro,
1629 996 1668 1036 δε
1695 994 1809 1036 Sedis
1833 995 2026 1051 pradinae
2059 994 2347 1049 beneplacita,

1323 1052 1545 1103 verbis,vel
1559 1054 1598 1094 in
1615 1051 1769 1106 scriptis
1787 1052 2038 1097 devenerunt
2054 1052 2346 1102 Concordiam,

1320 1110 1542 1160 videlicet,
1571 1109 1679 1166 quod
1707 1111 1906 1152 Antonius
1930 1110 2022 1160 liti,
2047 1111 2084 1150 &
2113 1110 2229 1151 causae
2266 1112 2340 1151 hu·
2382 1111 2389 1117 '

1319 1168 1520 1226 jusmodi,
1545 1170 1584 1210 δι
1602 1178 1684 1210 tam
1706 1166 1786 1224 ipse
1803 1167 2058 1211 Guardianus
2075 1197 2088 1218 ‚
2111 1169 2229 1222 quam
2248 1170 2342 1209 Fra-

1318 1239 1401 1269 tres
1415 1228 1525 1269 omni
1543 1255 1557 1278 ‚
1584 1228 1624 1268 &
1644 1227 1886 1283 cuicumque
1914 1225 2020 1280 juri,
2049 1228 2089 1267 &
2115 1225 2261 1266 actioni
2283 1225 2342 1266 eis

1317 1287 1354 1327 in
1374 1285 1476 1327 dicta
1507 1285 1687 1328 Ecclesia
1708 1311 1723 1334 a
1753 1286 1789 1325 &
1815 1285 1864 1328 ad
1891 1284 2003 1326 illam
2029 1282 2344 1340 quomodolibet

1316 1345 1643 1398 competentibus
1656 1371 1671 1394 ,
1695 1357 1737 1385 ac
1753 1358 1825 1400 per
1842 1357 1913 1385 eos
1934 1342 2151 1399 pateam,
2166 1345 2202 1382 in
2220 1341 2344 1390 manif

1317 1403 1388 1444 bus
1405 1401 1544 1442 nostris
1572 1403 1740 1456 sponte,
1769 1405 1809 1444 ὅτ.
1834 1401 1988 1452 libere,
2016 1404 2054 1442 in
2073 1401 2256 1443 favorem
2280 1409 2342 1439 ta-

1316 1474 1408 1500 men
1433 1460 1527 1500 dieti
1545 1459 1776 1515 Hospitalis
1791 1490 1805 1513 ,
1832 1460 1880 1502 ad
1899 1461 1976 1501 hoc
1991 1487 2005 1509 ‚
2032 1471 2076 1502 ut
2094 1459 2340 1513 posteriores

1317 1519 1442 1560 literae
1467 1518 1659 1572 praedi&ae
1679 1518 1791 1561 suurn
1816 1518 2030 1560 sortiantur
2048 1518 2230 1559 effectum
2245 1541 2259 1563 2
2291 1529 2339 1556 ac

1318 1576 1533 1618 reservatis
1561 1578 1697 1618 eidem
1715 1577 1892 1618 Antonio
1914 1577 2022 1619 dictae
2040 1574 2227 1616 Ecclesiae
2255 1572 2341 1615 fru-

1314 1635 1441 1676 &ibus
1467 1662 1479 1683 ‚
1512 1634 1665 1675 cedere
1689 1661 1703 1684 ‚
1733 1636 1930 1676 nectores
1961 1635 2000 1674 &
2031 1633 2340 1675 Gubernatores

1315 1693 1487 1747 praedic‘ti
1508 1693 1643 1734 eidem
1663 1694 1843 1734 Antonio
1858 1693 2023 1747 triginta
2039 1692 2172 1733 uncias
2197 1703 2341 1731 mone-

1312 1762 1359 1792 tae
1375 1750 1533 1792 illarum
1553 1751 1935 1805 partiun12suniniam
1955 1750 2239 1806 quinquaginta
2261 1751 2341 1789 Du·

1310 1822 1496 1851 catorum
1511 1810 1612 1850 Auri
1629 1808 1680 1851 de
1696 1812 1870 1852 Camera
1884 1836 1898 1856 2
1927 1810 1992 1851 vel
2009 1809 2172 1850 circiter
2195 1806 2342 1848 consti-

1313 1879 1506 1916 tuentes,
1533 1881 1606 1923 pro
1630 1867 1831 1910 evitandis
1859 1866 2038 1923 expensis
2067 1864 2106 1908 in
2135 1863 2341 1922 progressu

1313 1928 1396 1967 litis
1426 1923 1652 1980 hujusmodi
1680 1926 1732 1967 ob
1759 1926 1946 1980 praemiffa
1975 1929 1998 1970 a
2033 1926 2273 1968 Reooribus
2299 1925 2341 1965 δὲ

1312 1985 1667 2027 Gubernatoribus
1683 1983 1777 2029 dieii
1794 1984 2012 2039 Hospitalis
2034 1983 2085 2025 de
2105 1982 2338 2028 necessitate

1311 2042 1509 2085 faciendis
1535 2041 1617 2095 post
1632 2042 1853 2085 obtentum
1876 2043 2177 2097 beneplacitum
2204 2040 2339 2096 hujus:-

1311 2100 1419 2142 modi
1439 2101 1608 2144 realiter
1620 2127 1635 2148 s
1649 2102 1689 2142 &
1703 2115 1792 2142 cum
1809 2101 1952 2143 affeetu
1968 2101 2126 2143 solvere
2139 2101 2336 2151 debeant,

1308 2161 1347 2201 &
1375 2170 1643 2212 tenerentur,
1665 2170 1784 2215 prout
1809 2161 1846 2206 in
1871 2160 2037 2216 publico
2064 2160 2336 2206 Instrumento

1309 2215 1483 2271 desuper
1515 2215 1645 2260 forsan
1677 2216 1861 2260 confecto
1904 2219 2056 2261 dicitur
2094 2218 2334 2262 contineri.

1310 2280 1454 2331 Quare
1484 2289 1556 2330 pro
1580 2287 1698 2329 parte
1723 2275 1946 2319 Guardiani
1974 2279 2013 2318 &
2041 2279 2227 2319 Fratrum
2246 2304 2260 2327 ‚
2286 2290 2336 2318 ac

1309 2336 1530 2376 ,Rectorum
1545 2335 1581 2374 ὃ(
1598 2335 1930 2376 Gubernatorum
1947 2362 1960 2385 ,
1976 2349 2050 2377 nec
2066 2348 2146 2377 non
2166 2334 2334 2377 Antonii

1308 2390 1581 2448 praedit‘iorum
1597 2391 1855 2434 afferentium
1869 2393 1980 2434 dieiae
1996 2392 2181 2436 Ecclefiae
2195 2420 2210 2442 s
2231 2394 2270 2432 &
2285 2393 2333 2434 il·

1309 2450 1337 2491 l'i
1354 2449 1485 2492 forsan
1500 2462 1744 2491 annexorum
1760 2450 1906 2491 fructus
1923 2479 1936 2502 ,
1949 2451 2131 2492 redditus
2147 2479 2160 2500 ,
2176 2452 2215 2491 &
2236 2464 2332 2504 pro-

1310 2518 1454 2550 ventus
1478 2507 1648 2549 duorum
1666 2510 1914 2549 Ducatorum
1937 2509 2025 2549 auri
2044 2509 2096 2549 de
2120 2512 2330 2550 Cameraa

1308 2580 1397 2608 cum
1423 2578 1501 2607 uno
1527 2566 1650 2606 tertio
1665 2566 1829 2607 alterius
1856 2565 1988 2608 fimilis
2010 2566 2157 2608 Ducati
2185 2565 2329 2608 secun-

1306 2625 1402 2668 dum
1420 2637 1674 2666 communem
1691 2624 2041 2675 existimationem,
2058 2625 2236 2667 valorem
2261 2639 2332 2680 an-

1307 2697 1427 2723 nuum
1444 2695 1522 2724 non
1537 2683 1764 2732 excedere,
1778 2684 1904 2725 Nobis
1919 2681 1994 2725 fuit
2010 2684 2218 2727 humiliter
2237 2684 2330 2738 sup-

1306 2740 1497 2794 plicatum
1512 2769 1525 2791 ,
1546 2751 1742 2797 quatenus
1758 2742 1998 2784 Concordia:
2009 2742 2201 2797 praediciae
2216 2769 2230 2791 ‚
2256 2756 2330 2796 pro

1303 2798 1412 2850 illius
1453 2797 1618 2840 firmiori
1661 2797 1901 2842 subsistentia
1933 2802 2055 2846 robur
2090 2800 2329 2856 Apostolicae-

1305 2855 1622 2899 confirmationis
1649 2855 1857 2910 adijcere,
1884 2872 1928 2899 ac
1948 2860 2101 2902 aliasin
2128 2858 2326 2917 praemissis

1303 2914 1528 2968 opportune
1554 2914 1771 2969 providere
1796 2914 1848 2956 de
1882 2916 2131 2972 benignitate
2156 2916 2327 2972 Aposto-

1303 2973 1381 3014 lica
1406 2971 1662 3025 dignaremur
1681 3001 1694 3014 .

1380 3032 1466 3071 Nos
1493 3031 1612 3085 igitur
1639 3059 1654 3083 ,
1684 3032 1750 3086 qui
1778 3045 1916 3086 pacem
1947 3034 1984 3074 &
2010 3035 2190 3088 quietem
2220 3033 2327 3074 inter

1309 3087 1606 3132 Christifideles
1630 3090 1831 3145 quoslibet
1851 3091 1987 3145 vigere
2001 3092 2158 3132 sinceris
2173 3089 2329 3133 defide-

1307 3159 1437 3188 ramus
1457 3146 1661 3193 affectibus
1677 3174 1691 3196 ‚
1713 3149 1752 3187 ἃ.
1766 3147 1805 3188 in
1820 3161 1988 3200 quorum
2005 3149 2186 3192 manibus
2203 3152 2328 3193 Anto·-

1307 3205 1393 3246 nius
1421 3205 1483 3246 liti
1510 3207 1549 3246 ἃ.
1579 3204 1727 3255 causae,
1750 3206 1790 3246 δι
1818 3215 1897 3246 tam
1919 3204 1998 3259 ipse
2014 3235 2028 3256 ,
2055 3208 2174 3261 quam
2193 3209 2327 3256 Guar-

1307 3262 1478 3313 dianus,
1509 3265 1549 3305 &
1576 3266 1739 3305 Fratres
1767 3263 1939 3317 praedieii
1966 3262 2042 3319 juri
2071 3265 2325 3320 hujusmodi,

1307 3334 1381 3375 pro
1400 3320 1511 3362 dictae
1526 3321 1763 3365 Concordiae
1785 3321 2080 3376 complemento
2095 3324 2233 3380 sponte
2246 3352 2260 3375 ,
2285 3326 2326 3365 δε

1312 3378 1443 3420 libere
1466 3377 1663 3421 cesserunt
1678 3408 1691 3431 ,
1716 3381 1861 3434 quique
1883 3379 2073 3424 ceffiones
2098 3381 2325 3440 hujusmodi

1309 3436 1495 3479 duximus
1537 3437 1807 3482 admittendas
1828 3463 1842 3484 a
1884 3437 2100 3494 singulares
2138 3442 2323 3497 personas

1310 3495 1532 3537 Guardiani
1545 3497 1581 3536 &
1599 3498 1780 3536 Fratrum
1793 3522 1807 3544 ‚
1822 3511 1865 3538 ac
1880 3499 2098 3541 Reciorum
2111 3502 2151 3542 &
2164 3501 2325 3542 Guber-

1310 3562 1493 3594 natorum
1520 3583 1535 3604 ,
1579 3567 1656 3595 nec
1687 3566 1766 3594 non
1798 3555 1960 3598 Antonii
1991 3558 2269 3612 praedid'torum
2302 3556 2324 3596 a

1309 3610 1511 3666 quibusvis
1527 3611 1947 3656 excommunicationis
1962 3616 2038 3656 διε.
2053 3616 2322 3668 absolventes,

1309 3671 1348 3709 δι
1364 3668 1560 3711 absolutas
1576 3666 1663 3711 fore
1679 3670 1886 3713 censentes
1898 3701 1914 3722 ‚
1935 3674 2216 3726 posterioribus
2235 3674 2325 3725 sup-

1309 3727 1588 3782 plicationibus
1605 3726 1825 3782 hujusmodi
1841 3728 2020 3773 similiter
2038 3730 2322 3781 inclinati,Dis2

1309 3786 1481 3829 crationi
1512 3787 1605 3828 Tuae
1633 3799 1703 3843 per
1730 3787 1955 3844 Apostolica
1986 3788 2130 3846 scripta
2156 3790 2325 3831 manda-

2159 3861 2268 3898 mus,
