2618 4108
1076 236 1612 352 Aprutina.

2101 260 2267 354 213

318 399 419 438 'Huic
441 399 621 450 Rescripto
634 399 699 439 suit
715 398 752 438 δε
763 397 962 448 ιᾶῙιιοὲὶυηι
976 396 1150 437 arbitrium
1169 401 1208 437 P.
1221 401 1408 440 Generalis
1420 427 1430 443 ,
1456 411 1494 439 ut
1514 401 1666 449 sequitur
1683 427 1693 439 .

228 543 232 547 .
320 496 486 535 {Artemis
509 498 553 540 ὼ·
571 496 703 536 mature
720 495 864 546 distruffis
887 497 1035 546 expositis
1049 496 1163 536 Nobis
1184 497 1205 534 ἃ
1219 498 1267 535 R.
1283 498 1326 535 P.
1340 498 1563 537 Provinciale
1588 499 1755 546 Capucin.
1772 497 1964 536 Provincia
1979 497 2164 547 Aprutinae
2188 496 2230 533 de
2251 516 2267 524 -
2279 505 2315 534 et

221 542 329 596 super
352 549 396 583 ab
420 547 487 596 ipsa
501 547 621 596 petitis
645 545 666 583 c)
683 547 793 583 Sacra
810 545 1080 592 Congregatioue
1091 546 1197 595 super
1214 546 1310 597 flatu
1323 545 1552 594 Regularium
1564 571 1576 590 ‚
1602 549 1645 589 ὠ·
1658 556 1789 584 attento
1810 547 1955 596 ejusdem
1978 548 2093 583 Sacra
2112 548 2316 594 Congrega-

227 595 336 632 tionis
349 594 493 644 benigno
511 592 637 646 affensu
648 619 661 638 ‚
673 593 832 642 petitioni
851 588 994 642 praefati
1011 593 1336 632 RR.Provincialis
1355 604 1470 644 utpote
1484 594 1777 643 rationabiltffimae
1799 597 1982 633 annuimus
1995 619 2008 640 ‚
2032 597 2075 638 ὠ·
2096 595 2149 632 his
2167 596 2314 646 prasen-

227 643 325 690 sibus
342 641 487 696 conceffa
499 642 729 692 confirmamus
748 664 763 687 ,
785 640 829 683 ὰ
850 643 1073 692 approbamus
1087 666 1098 678 .
1121 643 1253 680 Datum
1276 641 1390 679 Romae
1399 645 1473 685 &aa
1494 644 1528 678 6.
1541 643 1655 680 Mart.
1674 644 1780 690 ¹⁶75·

1185 743 1257 785 Fr.
1285 740 1500 799 stephanus
1525 737 1712 795 Minister
1744 742 1972 783 Generalis.

331 843 527 894 Exemplar.
542 843 639 883 auth.
658 843 698 880 in
718 846 787 883 loco
806 845 850 888 ὁ·
862 843 1029 883 Armario
1050 845 1206 897 pradisio
1219 871 1232 884 .

331 950 476 998 Cupido
493 950 587 996 auri,
615 953 711 1000 quod
733 954 894 990 nonnulli
908 954 941 990 in
958 954 1096 992 latebris
1116 953 1215 990 huius
1226 951 1430 990 Conventus
1451 950 1682 987 absconditum
1703 951 1884 988 credebant
1898 951 1933 988 8:
1953 950 2143 998 querebant
2156 974 2168 994 ,
2193 949 2319 987 Fratri·

229 1003 302 1039 hus
314 1000 425 1038 varias
437 999 592 1038 cantavit
614 1002 780 1040 molestias
791 1027 806 1049 ,
828 1003 985 1052 aquibus
1011 1014 1049 1040 ut
1060 1003 1279 1040 liberarentur
1290 1026 1306 1047 ,
1329 1000 1491 1049 scriptum
1513 998 1579 1035 fuit
1603 1001 1623 1034 ὲ
1635 1001 1738 1037 Sacra
1755 999 2031 1047 Congregatione
2049 999 2208 1046 Episcop.
2228 1021 2241 1043 ,
2282 1007 2322 1034 ut

234 1049 383 1099 sequitur
395 1060 406 1085 ε

332 1144 543 1195 Perillustris
563 1147 607 1188 ὼ·
619 1146 668 1183 Α.
683 1146 730 1183 R.
746 1146 904 1185 ‘Domine
914 1148 969 1185 uti
984 1145 1106 1184 Frater
1122 1172 1132 1183 .
1158 1145 1358 1194 Percipitur
1373 1144 1447 1184 PP.
1461 1143 1652 1193 Capucinos
1676 1143 1802 1181 ibidem
1823 1142 1934 1181 adhuc
1958 1144 2000 1186 ὠ·
2026 1142 2047 1180 ἃ
2071 1141 2210 1187 diverlis
2222 1166 2236 1185 ,
2259 1143 2322 1190 qui

228 1194 298 1244 sub
318 1202 486 1242 pretextu
508 1195 680 1242 quaerendi
701 1194 874 1242 thesauros
897 1220 911 1240 ,
935 1204 1054 1232 contra
1087 1195 1232 1244 ipsorum
1253 1193 1463 1233 voluntatem
1488 1218 1501 1237 ,
1536 1192 1726 1243 clausuram
1766 1193 1965 1231 Conventa:
1991 1191 2130 1240 ingredi
2155 1199 2293 1227 tentant
2310 1211 2326 1235 ‚

233 1241 317 1280 mole
341 1243 419 1286 ari,
443 1241 523 1278 hinc
545 1241 768 1292 Saufiliffimus
794 1244 840 1278 ad
858 1242 1082 1291 praecavenda
1108 1242 1299 1290 hujusmodi
1334 1242 1616 1279 inconvenientia
1641 1241 1748 1291 praeci
1770 1242 1826 1286 it,
1846 1250 1889 1278 ut
1911 1241 2053 1290 Amplit.
2072 1238 2148 1276 Tua
2173 1239 2210 1273 in
2239 1237 2322 1274 locis

229 1291 303 1340 pub
316 1290 401 1335 icis,
425 1289 584 1336 &salitis
597 1313 610 1332 ,
633 1302 674 1327 ac
696 1291 870 1341 speciatim
885 1291 930 1327 ad
945 1299 1061 1339 portas
1079 1291 1222 1340 Ecclestae
1234 1291 1276 1331 ἶς’
1291 1289 1492 1328 Conventa:
1502 1291 1640 1339 praefati
1654 1289 1722 1327 Edi
1752 1300 1808 1326 um
1823 1288 2087 1337 prohibitorium
2111 1289 2150 1323 in
2170 1286 2323 1335 Scriptis

235 1339 375 1390 affigat,
399 1349 441 1374 ne
459 1338 574 1374 deince
596 1349 611 1373 s
632 1337 722 1376 ullus
738 1365 748 1381 ,
771 1339 924 1388 cujusvis
938 1339 983 1388 stt
994 1338 1106 1389 statas
1131 1340 1174 1382 ὠ·
1186 1339 1390 1376 conditionis
1410 1339 1466 1375 die
1480 1338 1538 1374 vel
1553 1338 1650 1375 noflu
1667 1339 1881 1376 Conventum
1896 1336 2056 1376 Fratrum
2075 1335 2324 1386 pradieiorum,

233 1400 297 1425 uec
308 1387 376 1436 sub
398 1388 522 1422 motivo
545 1395 562 1423 t
585 1385 718 1432 esauros
739 1387 914 1436 quaerendi
930 1411 943 1431 ‚
967 1400 1027 1424 nec
1047 1398 1087 1425 ex
1111 1388 1181 1424 alia
1203 1399 1405 1435 quacunque
1427 1387 1528 1435 causa
1549 1397 1669 1424 contra
1688 1397 1802 1422 eorum
1824 1385 2033 1424 voluntatem
2051 1387 2119 1434 sub
2137 1392 2234 1431 poena
2258 1384 2325 1420 Ex-

231 1434 541 1473 communicationis
563 1432 742 1484 ‹Majoris
765 1460 775 1477 ‚
800 1437 843 1478 (θ’
857 1434 1044 1482 Pontfficiae
1057 1460 1070 1479 ,
1095 1435 1298 1485 Sauciiffimo
1318 1436 1521 1484 reservatae,
1546 1435 1589 1477 (θ’
1612 1435 1679 1483 ipso
1694 1434 1783 1482 fusio
1800 1435 2018 1472 incurrendae
2044 1431 2184 1481 ingredi
2197 1433 2321 1479 prasu-

232 1493 328 1522 mat.
354 1481 409 1520 lta
425 1482 543 1531 facere
557 1482 600 1524 (θ’
621 1486 742 1534 exequi
768 1482 919 1534 Amplit.
938 1482 1020 1521 Tuae
1035 1484 1191 1535 studebit
1212 1508 1226 1529 ‚
1251 1482 1394 1533 Nosque
1413 1483 1455 1519 de
1474 1482 1586 1534 effit'iu
1611 1483 1732 1521 reddet
1751 1485 1912 1521 certiores
1936 1485 2006 1525 &a
2038 1482 2152 1520 Romae
2183 1489 2234 1527 ¹7·
2254 1478 2324 1530 Ja-

232 1531 354 1579 uuam
383 1530 488 1569 1600.

331 1628 386 1668 Ex
407 1625 545 1678 Regesto
568 1631 702 1670 Set-ret.
722 1631 764 1669 S.
790 1629 959 1678 Congreg.
986 1629 1137 1680 Episcop.
1159 1627 1304 1678 &Reg.
1322 1628 1408 1665 anni
1415 1627 1523 1677 praed.
1541 1626 1608 1672 fol.
1623 1637 1661 1673 4.

238 1765 2315 1786 ——a—*ffl—“mffl—

236 1867 445 1916 Domum
483 1865 528 1912 in
563 1865 709 1914 Terra
739 1868 1042 1936 Cermigliani
1075 1867 1132 1916 ab
1164 1870 1252 1916 Eu-

300 1932 470 1983 stachio
498 1935 693 1983 Sterlich
725 1938 935 2003 Toparca
967 1935 1060 1986 &a
1097 1938 1247 2004 erigi,

306 2000 606 2054 &Fratribus
634 2002 915 2073 confignari,
943 2005 1166 2075 Episcopo
1184 2009 1251 2055 lo-

300 2090 348 2123 ct
376 2086 652 2123 committit.

331 2211 370 2253 A
396 2216 540 2266 tergo:
573 2209 784 2255 Venerabili
809 2217 951 2258 Fratri
976 2213 1157 2271 Epifiopo

640 2271 840 2330 anst.

244 2420 761 2472 CLEMENS
833 2424 1105 2472 PAPA
1190 2422 1257 2469 X.

298 2556 525 2603 VenerabiIis
539 2563 688 2603 Frater
698 2561 874 2616 salutem
902 2562 950 2609 ἐς·
965 2559 1216 2618 Apostolicam

580 2619 882 2663 Benedifftoncm
898 2649 909 2661 .

351 2734 390 2774 X
421 2732 596 2789 injuncto
622 2735 750 2777 Nobis
784 2736 987 2780 Divinitus
1013 2735 1250 2791 Apostolicae

368 2792 583 2834 servitutis
599 2805 764 2836 munere
776 2822 790 2844 ‚
805 2794 853 2835 ad
870 2808 917 2837 ea
931 2824 945 2847 ,
961 2807 1033 2848 per
1046 2808 1129 2848 quae
1143 2797 1250 2835 Con-

239 2859 412 2900 ventus,
433 2850 472 2890 &
498 2849 575 2892 alia
593 2851 808 2904 Regularia
824 2852 911 2895 loca
935 2852 986 2894 ad
1017 2852 1150 2894 Divini
1166 2849 1252 2891 cul-

238 2905 302 2948 tus
334 2909 374 2948 δι
399 2908 628 2962 Religionis
652 2909 945 2953 incrementum
961 2939 976 2960 ,
1012 2910 1255 2951 animarum-

239 2978 318 3021 que
331 2964 511 3009 Salutem
536 2966 664 3021 erigi,
688 2970 726 3009 &
751 2968 899 3011 institui
925 2968 1081 3010 valeant
1098 2966 1254 3018 ‚liben-

240 3033 308 3064 ter
326 3023 565 3066 intendimus
585 3054 599 3076 ,
625 3026 716 3067 &in
731 3026 899 3081 idipsum
914 3025 1118 3069 tendentia
1133 3024 1254 3066 Chri-

238 3077 467 3123 stifidelium
494 3090 587 3125 vota
605 3094 773 3138 paterna
789 3084 987 3127 charitate
999 3084 1252 3132 exaudimus,

239 3136 517 3194 favoribusque
541 3143 581 3182 &
604 3142 742 3197 gratiis
770 3142 1046 3200 prosequimur
1059 3148 1252 3196 opportu-

238 3196 325 3238 nis.
358 3197 418 3238 Ex
449 3197 513 3238 oni
530 3198 720 3254 liquidem
744 3201 873 3244 Nobis
899 3199 996 3241 fecit
1021 3199 1190 3242 dilefius
1206 3196 1253 3238 fi-

237 3253 318 3296 lius
347 3254 406 3295 Eu
442 3255 576 3297 achius
591 3258 766 3301 Sterlich
795 3261 978 3315 Toparca
996 3260 1130 3300 Terrae
1146 3259 1250 3298 Cer-

236 3312 410 3366 mignani
439 3312 632 3356 Pinnenfis
650 3315 842 3359 Dioecesis
863 3343 877 3366 2
910 3311 1017 3371 quod
1032 3343 1046 3364 ,
1062 3330 1152 3358 cum
1176 3315 1246 3356 itt-s

237 3371 383 3413 eadem
417 3370 573 3420 Terra,
603 3372 783 3429 illiusque
812 3373 955 3417 vicinia
990 3373 1126 3416 nullus
1156 3374 1249 3414 Fra-

237 3436 346 3471 trum
374 3428 581 3470 Minorum
607 3431 773 3474 Ordinis
796 3436 835 3475 S.
855 3433 1052 3474 Francisci
1078 3430 1253 3486 Capuci-

236 3499 386 3529 norum
401 3501 727 3541 nuncupatorum
743 3492 980 3532 Conventus
997 3491 1224 3545 reperiatur
1241 3514 1256 3538 ,

238 3544 279 3586 &
294 3554 461 3599 propter
474 3545 755 3590 difficultatem
772 3547 998 3605 trajiciendi
1014 3548 1162 3591 flumen
1176 3547 1253 3587 Vo.

239 3615 397 3644 manum
413 3603 496 3646 illic
513 3605 687 3648 vicinum
713 3607 898 3662 hyberno
919 3615 1134 3663 tempore,
1160 3606 1255 3646 Fra·

240 3668 328 3702 tres
342 3660 434 3702 dieti
449 3661 610 3705 Ordinis
630 3665 724 3707 illac
739 3665 992 3709 transeuntes
1007 3694 1021 3717 ‚
1041 3661 1255 3719 aliquando

239 3716 310 3760 sex
321 3744 335 3768 ,
351 3718 415 3760 vel
431 3722 522 3763 octo
535 3736 706 3765 numero
718 3750 732 3773 ‚
745 3723 788 3767 in
800 3724 905 3768 dieta
918 3723 1045 3766 Terra
1061 3736 1134 3777 per
1148 3721 1254 3766 ocio,

239 3775 310 3818 vel
333 3775 477 3820 decem
499 3778 587 3836 dies
613 3783 762 3832 morari
784 3786 980 3838 cogantur
994 3809 1010 3834 ,
1035 3794 1109 3823 nec
1133 3777 1252 3836 traje-

1310 1869 1415 1908 &um
1439 1865 1608 1908 fluminis
1634 1862 1860 1919 hujusmodi
1885 1861 2046 1906 evitare
2071 1861 2214 1919 poffint
2232 1887 2246 1907 ¹)
2271 1871 2329 1903 ta·-

1312 1926 1423 1967 metst
1448 1926 1637 1966 itinerum
1652 1923 1894 1966 diverticula
1916 1934 2114 1978 quaerant:
2149 1920 2227 1976 ipse
2247 1921 2328 1962 Eu-

1310 1983 1480 2025 stachius
1496 1996 1574 2037 pro
1590 1983 1786 2037 peculiari
1811 1976 1877 2023 suo
1901 1994 1998 2035 erga
2015 1981 2213 2021 Ordinem
2228 1993 2327 2033 prae-

1309 2041 1458 2084 dietum
1484 2041 1715 2083 devotionis
1741 2039 1883 2082 affeetu
1901 2068 1914 2090 ,
1940 2042 2197 2081 Conventum
2231 2040 2328 2079 Fra-

1309 2109 1418 2142 trum
1443 2098 1620 2155 ejusdem
1640 2100 1804 2141 Ordinis
1821 2096 1886 2140 sua
1908 2094 2082 2151 impensa
2106 2098 2143 2138 in
2169 2099 2329 2138 Terra-J

1311 2158 1495 2214 praedi61a
1512 2156 1708 2200 aedificare
1726 2185 1740 2208 ,
1766 2171 1811 2200 ac
1836 2170 1965 2198 annua
1987 2155 2128 2211 viginti
2154 2155 2330 2210 quinque

1311 2215 1421 2258 scuta
1450 2226 1623 2270 monetae
1644 2217 1695 2258 ad
1723 2229 1848 2257 annos
1876 2224 2068 2266 centum,
2095 2215 2134 2254 &
2158 2212 2329 2267 amplius

1314 2287 1388 2329 pro
1406 2272 1705 2315 neceffitatibus
1719 2273 1908 2316 Sacristiae
1927 2272 2039 2327 ipsius
2053 2271 2294 2314 Conventus
2311 2300 2329 2321 ,

1315 2344 1460 2386 nempe
1481 2340 1552 2386 p'ro
1565 2340 1660 2374 cera
1676 2358 1689 2380 a
1714 2331 1955 2385 paramentis
1967 2359 1981 2381 ,
2008 2332 2047 2371 &
2061 2330 2147 2371 aliis
2163 2327 2327 2371 necessa·

1316 2389 1381 2431 riis
1414 2389 1598 2442 parandis
1623 2389 1814 2443 affignare
1840 2388 2057 2442 plurimum
2092 2386 2292 2428 deiiderat
2315 2414 2327 2426 .

1318 2447 1444 2489 Nobis
1463 2456 1679 2501 propterea
1694 2445 1900 2488 humiliter
1917 2445 2126 2500 supplicari
2143 2443 2238 2486 fecit
2251 2472 2266 2493 ,
2285 2445 2328 2486 u't

1315 2506 1384 2546 fibi
1410 2505 1446 2545 in
1468 2505 1663 2559 praemissis
1683 2503 1910 2558 opportune
1927 2503 2144 2557 providere
2165 2527 2179 2549 2
2205 2504 2269 2547 &2
2284 2512 2330 2543 ut

1317 2564 1436 2613 infra,
1454 2563 1665 2619 indulgere
1677 2562 1732 2605 de
1753 2561 2001 2617 benignitate
2015 2559 2244 2616 Apostolica
2267 2561 2327 2602 di·

1314 2634 1558 2678 gnaremur.
2199 2653 2203 2655 ,

1373 2683 1458 2723 Nos
1482 2679 1602 2734 igitur
1631 2679 1703 2734 piis
1730 2677 1907 2730 ejusdem
1931 2675 2131 2720 Eustachii
2157 2675 2262 2717 votis
2289 2675 2327 2717 in

1309 2737 1503 2795 praemiffis
1514 2765 1528 2788 ‚
1542 2748 1734 2793 quantum
1750 2751 1839 2779 cum
1859 2737 2035 2780 Domino
2050 2733 2262 2790 possumus,
2277 2733 2332 2775 sa-

1313 2795 1548 2838 vorabiliter
1577 2809 1754 2838 annuere
1788 2795 1973 2837 volentes
1996 2821 2011 2843 a
2045 2794 2237 2848 illumque
2253 2795 2331 2833 &e-

1312 2857 1349 2896 &
1373 2853 1595 2895 absolutum
1621 2851 1708 2894 fore
1731 2853 1966 2902 censenteS,
1991 2851 2215 2907 hujusmodi
2241 2850 2331 2904 sup-

1313 2910 1595 2966 plicationibus
1621 2910 1827 2958 inclinati,
1846 2910 1899 2951 de
1922 2909 2226 2951 Venerabilium
2242 2910 2332 2949 Fra.

1314 2979 1418 3011 trum
1444 2969 1678 3010 Nostrorum
1703 2971 1742 3010 S.
1760 2969 1812 3009 R.
1832 2969 1876 3008 E.
1903 2967 2181 3009 Cardinalium
2205 2979 2329 3019 nego-

1312 3026 1378 3067 tiis
1394 3054 1408 3076 ,
1433 3027 1471 3067 δι
1484 3026 1843 3069 consultationibus
1862 3021 2150 3078 Episcoporum
2166 3024 2228 3073 ‚&
2247 3025 2328 3064 Re-

1310 3084 1506 3139 gularium
1534 3082 1838 3138 Praepofitorum
1867 3081 2033 3124 confilio
2059 3108 2073 3131 ,
2106 3083 2145 3121 &
2172 3090 2328 3122 attenta

1311 3141 1508 3183 relatione
1524 3152 1588 3183 tua
1605 3139 1756 3182 eisdem
1782 3139 2067 3182 Cardinalibus
2094 3137 2191 3180 facta
2206 3167 2220 3188 ,
2239 3140 2330 3179 Fra-

1312 3201 1495 3242 terniiati
1517 3210 1592 3240 tuae
1619 3197 1929 3254 pei-*praesentes
1957 3197 2246 3238 committimus
2262 3198 2326 3244 ‚Sc

1313 3258 1544 3300 mandamus
1566 3285 1580 3307 ,
1618 3267 1660 3297 ut
1694 3253 1800 3297 veris
1835 3255 2096 3296 existentibus
2121 3258 2291 3297 narratis
2309 3282 2323 3306 ,

1308 3317 1348 3357 &
1364 3315 1564 3370 postquam
1581 3315 1672 3356 Tibi
1685 3314 1923 3364 constiterit,
1939 3312 2130 3355 fabricam
2155 3313 2248 3354 dicti
2261 3326 2328 3353 no.

1313 3375 1352 3413 vi
1365 3372 1603 3416 Conventus
1618 3386 1709 3414 cum
1726 3371 1900 3414 Ecclesia
1916 3400 1928 3422 ‚
1941 3371 2167 3426 Campanili
2184 3401 2198 3424 ‚
2211 3372 2327 3414 Cho-

1314 3445 1358 3473 ro
1373 3459 1387 3481 ‚
1411 3431 1587 3474 Sacristia
1603 3459 1617 3482 ,
1640 3429 1859 3478 Clausit-is,
1889 3429 2141 3472 Dormitorio
2157 3459 2171 3481 ,
2203 3424 2329 3470 Refe-

1313 3490 1467 3536 (torio,
1483 3491 1519 3529 &
1546 3486 1631 3530 aliis
1655 3489 1850 3538 officinis,
1874 3489 2040 3536 Hortis,
2061 3490 2100 3529 δι
2125 3489 2256 3542 spatiis
2271 3485 2326 3527 es.

1316 3549 1489 3590 numeris
1516 3547 1700 3588 omnibus
1726 3546 1978 3597 absolutam,
2003 3560 2048 3589 ac
2077 3545 2326 3600 suppellecii.

1316 3605 1345 3647 li
1369 3614 1448 3648 tam
1476 3603 1610 3654 sacra,
1631 3604 1750 3659 quam
1775 3604 1939 3659 profana
1966 3619 2041 3660 pro
2068 3603 2135 3646 usu
2153 3631 2167 3653 ,
2193 3605 2233 3643 δι
2264 3605 2324 3643 ha.

1316 3663 1513 3706 bitatione
1533 3662 1670 3705 {altem
1694 3662 1905 3706 duodecim
1922 3661 2214 3718 Religiosorum
2230 3659 2325 3701 dieti

1311 3720 1479 3764 Ordinis
1517 3719 1743 3763 instructam
1771 3734 1786 3774 3
1826 3721 2018 3777 quodque
2052 3721 2215 3763 Civium
2242 3717 2324 3772 pie-

1311 3789 1389 3829 tas,
1402 3781 1442 3821 &
1454 3778 1504 3822 ad
1517 3777 1860 3833 elecmosynarum
1877 3779 2134 3833 largitionem
2148 3789 2322 3833 propen—

2211 3835 2266 3874 fio
