2618 4108
876 186 1631 274 Panormitana.

2081 196 2246 296 167

209 300 577 353 edere‚adeo,ut
595 301 780 358 frequens
796 300 839 343 fit
855 315 1040 343 numerus
1055 316 1223 354 eorum,
1282 309 1332 357 cst
1365 330 1380 352 ,
1422 306 1571 345 nullam
1602 301 1727 362 susse
1761 302 1842 360 ejas
1885 299 2147 358 Proftfflonem
2172 331 2183 343 .
2224 308 2307 346 Nee

209 362 274 416 qui
302 359 371 402 sub
399 359 595 415 ejusmodi
620 359 908 403 sententiarum
932 360 1136 412 praeiidio,
1158 375 1219 402 re.
1265 363 1381 417 fieus
1416 375 1502 403 cum
1535 364 1625 403 aliis
1653 364 1826 404 omnibus
1864 361 1993 402 aetam
2023 361 2075 405 eli
2102 389 2116 412 ‚
2155 370 2202 401 ut
2224 372 2301 415 per

207 420 298 473 gula
307 421 338 460 ri
367 420 519 461 Habitu
537 420 720 474 deposito
734 448 751 468 ,
768 418 952 461 Claustra
968 419 1133 459 omnino
1147 419 1219 460 de-

205 479 346 519 sei-urit
373 506 387 528 ‚
420 478 646 519 remedium
670 476 832 532 aliquod
849 503 864 526 ‚
899 490 949 518 ne
976 489 1027 517 ex
1053 478 1125 516 hac
1158 491 1219 520 re-

202 549 294 577 rum
319 535 631 590 perturbatione
651 536 809 590 gravius
840 534 879 575 in
902 534 990 576 dies
1006 534 1219 590 Religiosis

203 594 278 635 suis
294 594 514 637 Ordinibus
541 594 830 637 detrimentum
845 593 1042 645 accedat,
1073 592 1219 644 demisi

202 652 245 693 se
261 652 553 707 implorabant.

259 710 364 752 Ci'im
376 721 512 752 autem
537 713 656 752 Sacra
680 707 956 765 Congregatio
982 708 1097 764 super
1111 707 1217 763 ejus-

198 767 310 809 modi
336 769 525 823 precibus
546 766 682 810 denuo
706 766 855 823 juflerir
882 765 1118 822 Episcopum
1133 769 1218 808 Ca-

199 826 405 868 tanensem
421 826 551 870 audiri
562 855 578 876 ,
594 825 754 869 tandem
770 825 841 867 ille
858 824 926 868 sub
941 826 1050 868 diem
1068 838 1133 873 27.
1146 832 1219 867 se-

201 886 397 939 ptembris
418 895 539 938 1737.
565 885 604 926 in
631 885 709 926 haec
727 884 848 926 verba
871 883 1092 938 rescripsit:
1117 884 1219 941 Qae

201 954 267 984 xv.
282 942 474 983 Kalendas
486 941 608 996 'Junii
619 971 634 993 ,
664 942 712 989 (5
729 943 862 996 pridie
880 945 1008 984 Nonas
1024 942 1132 996 ‘julii
1155 943 1217 982 bi.-

200 1012 268 1041 nai
286 1009 359 1055 per
382 999 557 1055 epistolas
580 1028 595 1051 ‚
619 1001 853 1055 totidemque
883 1001 1041 1056 insertos
1068 1000 1215 1042 libellos

196 1058 363 1112 ‘Joannis
377 1060 527 1100 Banelli
552 1059 579 1100 d
612 1060 748 1102 Melita
764 1060 978 1112 Presbyteri
994 1084 1009 1107 ,
1039 1072 1083 1098 ac
1121 1060 1212 1097 Pro-

198 1126 427 1160 curatorum
460 1119 708 1159 Generalium
743 1126 827 1158 tuni
865 1116 1171 1159 carmelitarum
1196 1142 1212 1166 ‚

199 1177 402 1217 Minorum
430 1173 745 1227 Reformatorum
761 1202 775 1223 ,
805 1175 859 1223 ὠ·
884 1171 1211 1227 ςαμησίηονιυηω

199 1231 296 1273 mibi
325 1235 405 1275 BE.
428 1234 497 1274 W.
517 1231 797 1286 praecipiebant
812 1260 825 1282 ,
838 1245 912 1272 non
919 1236 1061 1285 potui,
1085 1241 1131 1272 ut
1157 1230 1212 1272 ci-

199 1288 279 1331 tids
307 1316 324 1341 ‚
364 1289 438 1345 qud
460 1299 540 1344 par
569 1299 657 1332 erat
684 1319 699 1340 ,
739 1290 952 1345 expedirem
977 1301 992 1340 3
1025 1293 1212 1345 oportuit

197 1350 298 1388 enim
306 1347 435 1401 primb
448 1361 596 1402 magnae
611 1347 725 1405 hujus
741 1348 970 1404 Epssopalis
986 1349 1118 1390 Curie
1133 1351 1213 1390 Ar-

197 1405 365 1447 chiviam
380 1432 394 1453 ‚
428 1407 530 1461 quod
554 1407 581 1448 d
606 1406 882 1464 fundamentis
907 1405 1082 1448 excitare
1108 1411 1212 1448 ince-

186 1473 352 1518 peram,
375 1463 561 1520 perfieere
594 1493 607 1516 ,
639 1465 687 1512 ὅ
715 1465 800 1506 inde
824 1478 912 1520 quae
937 1478 983 1505 ex
1002 1468 1215 1507 Terraemo-

195 1523 259 1563 ias
283 1523 409 1564 ruinis
425 1549 440 1572 ,
468 1536 513 1564 oc
539 1523 706 1565 incendii
730 1523 988 1579 devastatione
996 1522 1214 1581 superfud-

193 1593 264 1630 re,
293 1583 336 1621 in
364 1580 535 1623 ordinem
555 1591 774 1638 componere
797 1582 1080 1639 instrumenta:
1107 1582 1214 1638 Qui-

196 1637 266 1679 bus
282 1639 423 1681 exeun
450 1667 464 1690 ,
491 1639 584 1682 licet
610 1652 752 1696 magna
780 1654 823 1681 ex
841 1650 960 1695 parte
973 1639 1210 1696 striptura—

195 1710 288 1739 rum
315 1697 466 1741 Codices
493 1707 554 1741 tot
576 1702 682 1740 inter
697 1702 857 1742 Catanae
887 1698 1111 1757 infortunio
1139 1707 1212 1753 pe-

193 1754 338 1797 rierint
356 1784 371 1807 ‚
416 1757 580 1813 adeoque
607 1758 797 1813 originale
827 1756 1074 1814 Privilegium
1102 1757 1212 1798 exhi-

195 1812 282 1856 beri
309 1814 466 1858 minime
480 1814 593 1872 pfft
612 1843 627 1866 ,
659 1823 834 1858 attamen
857 1818 982 1858 multa
1011 1820 1213 1857 inveniun.

194 1880 268 1916 tur
280 1872 564 1924 instrumenta,
594 1873 798 1930 quaesbtis
820 1876 978 1922 docent,
1002 1875 1214 1930 plusquam

193 1931 348 1985 integro
370 1931 510 1973 abhinc
523 1931 675 1988 faeculo
703 1931 980 1988 Praedecffres
1003 1945 1097 1973 meos
1121 1932 1216 1975 de,

193 1988 380 2032 nullitate
410 1988 644 2047 Prosefflont's
656 1989 898 2046 sententiam
924 1989 1061 2047 dixtffl'*
1087 2018 1100 2041 ‚
1131 1999 1215 2031 tum

195 2046 307 2105 inst-a
319 2075 335 2098 ,
363 2057 448 2090 tum
465 2047 549 2105 post
575 2050 882 2102 quinquennium
895 2048 946 2090 ab
963 2049 1041 2104 ejus
1059 2046 1214 2104 emiffi'o-

193 2120 267 2155 ite,
298 2104 347 2148 iis
374 2115 503 2148 tamen
527 2106 807 2149 conditionibus
831 2133 845 2156 a
877 2116 924 2150 ut
948 2112 1133 2149 nimirum
1155 2107 1216 2148 vel

192 2173 366 2220 petentes
389 2174 478 2206 vota
503 2169 545 2206 in
562 2164 931 2223 Dioeecss'emiftrint
948 2194 962 2217 ,
991 2167 1051 2207 vel
1075 2166 1117 2206 in
1143 2167 1217 2207 ale-

197 2235 272 2277 quo
302 2219 468 2276 ejusdem
498 2222 673 2273 Dia-cesis
700 2224 777 2263 loeo
818 2239 863 2264 ex
892 2224 1106 2267 obedientia
1141 2227 1218 2265 su·-

191 2282 396 2334 periornm
419 2280 619 2336 constituti
630 2280 794 2336 suerint
814 2310 826 2322 .
859 2286 904 2325 ln
917 2281 1022 2336 cujus
1046 2294 1105 2323 rei
1131 2294 1219 2322 con-

191 2337 486 2394 firmationem,
509 2337 635 2393 stcuti
649 2337 866 2392 juridicam
894 2339 955 2380 hic
981 2340 1105 2394 instro
1138 2344 1217 2381 Ar·

200 2394 384 2438 chiviarii
410 2401 484 2437 mei
507 2394 788 2451 attestationem
803 2424 816 2447 ,
837 2396 898 2439 ita
923 2397 1082 2440 minime
1105 2397 1220 2438 dubi-

200 2463 267 2503 to,
298 2458 394 2509 quin
425 2467 470 2495 ea
491 2454 599 2511 sbtis
627 2457 708 2496 EE.
743 2457 813 2498 VV-
828 2455 1000 2513 suadeat
1015 2483 1030 2506 ‚
1053 2455 1221 2512 praestr-

199 2516 276 2554 tim
288 2513 337 2567 st
356 2518 538 2554 memoria
550 2522 726 2553 revocent
740 2540 753 2563 ‚
768 2527 854 2567 quae
867 2542 881 2565 ‚
908 2514 956 2560 ἐς
972 2512 1221 2570 quantasue-

199 2573 284 2612 rint
302 2572 510 2626 Privilegia
529 2598 541 2621 ,
572 2572 710 2624 quibus
726 2582 815 2626 pre
840 2575 928 2614 aliis
957 2572 1070 2628 hujus
1099 2574 1221 2626 Regni

199 2629 391 2686 Episiopir
431 2630 579 2671 Summi
619 2629 813 2684 Pontifices
854 2630 1056 2687 Praestaetem
1098 2634 1220 2671 Cata-

201 2688 351 2744 nensem
393 2686 596 2728 retroob‘lii
632 2688 868 2740 temporibus
897 2691 1182 2731 cumulaverint
1206 2717 1219 2729 .

204 2749 354 2788 Omitto
378 2746 442 2787 hic
453 2760 496 2786 ea
510 2771 524 2793 ‚
555 2758 642 2799 que
654 2746 825 2802 afflrunt
851 2746 1121 2789 doHrinaliter
1136 2747 1223 2787 Bel-

202 2805 307 2846 lutus
321 2811 362 2845 in
382 2804 521 2859 Opust.
542 2816 575 2845 i.
600 2804 638 2852 ξ.
653 2816 688 2845 2.
703 2817 808 2845 num.
830 2817 919 2852 150.
934 2803 988 2853 ὢν
1007 2818 1093 2853 152.
1109 2804 1224 2859 Grofi

189 2861 264 2920 sits
295 2862 540 2917 Controveis?
569 2875 638 2911 4¹·
678 2861 741 2902 Ad
775 2875 820 2902 ea
860 2862 948 2903 vero
976 2863 1220 2910 evacuanda,

200 2933 288 2974 quae
323 2921 524 2962 Generoles
567 2921 835 2962 Procuratores
856 2921 1221 2978 sapradiffiorunt„

203 2979 393 3020 Ordinum
430 2976 616 3019 audab‘ler
663 2982 872 3020 enunciant
903 3007 917 3030 ‚
960 2979 1064 3033 quod
1104 2977 1222 3019 nimi-

202 3049 293 3077 rum
320 3034 432 3093 infra
471 3036 593 3078 decem
622 3037 773 3077 dierum
789 3037 971 3095 spatium
1007 3035 1223 3095 hujusmodi

208 3093 344 3147 Causi'e
366 3095 412 3135 de
431 3096 620 3136 nullitate
644 3094 898 3151 absolvantur
912 3125 926 3146 ‚
939 3095 1012 3151 sat
1038 3099 1116 3137 erit
1138 3096 1225 3137 Mi·

203 3150 341 3206 nistro:
356 3151 469 3207 hujus
485 3154 615 3195 Carice
633 3152 808 3208 juridice
831 3154 964 3210 Causae
991 3154 1145 3207 cursum
1166 3162 1225 3194 te-

193 3208 347 3266 stantes
371 3209 499 3263 infide
514 3237 527 3260 ,
544 3223 663 3262 quam
678 3210 801 3267 inst-ra
812 3238 827 3257 ‚
837 3213 975 3254 audire
987 3239 1001 3262 ‚
1015 3211 1225 3266 &patebit

191 3267 296 3324 fitne
318 3266 471 3322 nonnisi
486 3267 605 3323 juxta
631 3269 756 3322 legum
771 3270 990 3324 finbiiones
1019 3270 1224 3326 decssam,

192 3325 350 3382 simper
366 3323 513 3383 fmffi'·
552 3330 614 3367 1ta
639 3326 689 3370 esi
717 3327 846 3369 aetum
873 3341 957 3370 cum
980 3330 1134 3382 ‘joanne
1155 3333 1225 3369 Bo.

205 3385 304 3424 nello
333 3384 551 3437 Presbytero
577 3385 777 3440 Melitenst
802 3399 813 3427 ε
853 3385 912 3426 bic
946 3387 1046 3427 enim
1082 3400 1226 3428 moram

207 3454 319 3495 agens
344 3456 391 3483 ex
412 3442 627 3484 obedientia
651 3446 693 3483 in
713 3448 910 3486 Con-ventu
932 3444 1026 3484 Divi
1043 3444 1228 3501 Augusti-

207 3502 249 3539 ni
275 3501 462 3545 Civitatis
492 3501 718 3543 Adcrnionis
743 3502 852 3557 hujus
881 3499 1082 3559 Dio-cesis,
1114 3513 1228 3557 expo-

195 3555 287 3612 fiaeit
301 3558 354 3599 ad
366 3558 598 3616 Profiffionis
610 3560 700 3615 fite
721 3562 939 3602 nullitatem
963 3589 977 3612 ‚
1009 3562 1056 3610 ζῇ·
1087 3572 1228 3604 metum

210 3617 253 3654 in
276 3627 320 3654 ea
344 3617 555 3659 emittenda
571 3646 585 3668 ‚
617 3619 664 3665 ds·
680 3617 804 3660 morbi
821 3618 957 3673 gallici
986 3618 1229 3676 insi-&ionem

210 3682 301 3713 ante
331 3675 538 3730 Religionis
561 3677 766 3735 ingrffim
793 3691 805 3719 ε
848 3677 985 3731 quibui
1011 3677 1092 3719 rite
1119 3706 1134 3728 .,
1180 3690 1224 3718 ac

201 3730 376 3788 juridici
406 3737 636 3779 examinatis
664 3762 678 3785 ,
723 3737 770 3783 &⁸
789 3733 965 3791 probatis
995 3739 1223 3780 nunciatum

1280 422 1411 474 longas
1437 432 1638 472 annorum,
1636 423 1763 479 series
1786 421 1830 462 in
1854 421 2089 476 Proceffaum
2110 424 2307 461 varietate

1280 481 1464 534 testatur.

1339 537 1506 577 Pandita
1534 533 1609 576 fuit
1648 535 1845 592 responfio
1870 536 1937 578 ista
1967 534 2153 590 Episcopi
2175 537 2306 577 Cata-

1280 601 1407 635 nenlis
1442 595 1774 635 Procuratoribus
1807 595 2078 636 Generalibus
2105 593 2302 636 dic‘iorum

1277 651 1502 692 Ordinum:
1521 656 1594 699 At,
1610 664 1700 691 cuin
1723 654 1766 693 iis
1785 653 1931 694 eodem
1959 651 2086 695 ferme
2113 662 2306 706 tempore

1279 710 1500 750 innotuerit
1516 708 1727 763 judiciaria
1742 710 2005 752 contradictio
2020 738 2034 761 ‚
2066 723 2150 765 quae
2164 709 2306 765 praefa-

1280 764 1350 808 fati
1367 766 1568 808 Antistitis
1595 767 1756 808 nomine
1781 769 1820 807 in
1849 768 1925 808 hoc
1943 769 2108 822 negotio
2136 770 2306 823 paraba-

1280 825 1390 872 tur‚si
1405 825 1501 878 quid
1519 825 1585 877 ipli
1598 823 1636 863 in
1651 823 1901 866 eversionem
1919 826 2126 879 Privilegii
2147 827 2198 866 ab
2225 827 2302 868 illo

1278 882 1445 938 allegati
1475 880 1930 937 proferreintendilsent
1950 909 1965 932 ‚
1996 883 2212 925 noluerunt
2243 885 2307 926 se-

1277 955 1367 983 cum
1387 941 1462 983 lite
1475 938 1730 982 contendere
1749 967 1763 990 ,
1793 950 1985 995 putantes
2010 936 2047 981 se
2065 941 2217 982 muneri
2232 941 2304 985 suo

1275 997 1410 1041 feciffe
1438 997 1558 1048 satis,
1590 998 1716 1040 statim
1747 1011 1794 1039 ac
1817 995 1995 1040 conscios
2022 998 2301 1044 reddidi-rm.-

1274 1056 1618 1098 Eminentissimos
1638 1059 1714 1098 PP.
1729 1056 1937 1110 potestatis
1953 1083 1967 1105 ‚
2000 1070 2117 1110 quam
2132 1058 2200 1098 sibi
2220 1071 2303 1099 me-

1275 1126 1454 1156 moratus
1473 1113 1615 1155 Praelul
1635 1115 1766 1155 asserit
1783 1142 1796 1166 ,
1831 1113 1895 1155 vel
1922 1113 2085 1166 usurpat
2103 1142 2116 1154 .
2148 1117 2302 1159 Verum

1273 1172 1347 1215 etii
1375 1184 1549 1214 renuant
1564 1171 1775 1228 judiciaria
1803 1171 2074 1229 postulatione
2112 1172 2151 1213 in
2178 1175 2305 1214 Cata-

1273 1230 1436 1274 nensem
1455 1229 1692 1286 Episcopum
1710 1243 1830 1284 agere
1843 1259 1860 1283 .,
1893 1244 1970 1272 non
1985 1227 2134 1272 cessant
2164 1239 2302 1272 tamen

1274 1303 1398 1333 novas
1416 1289 1598 1345 ejufflem
1622 1290 1779 1344 generis
1797 1289 2028 1332 sententias
2046 1318 2061 1340 ,
2093 1302 2175 1345 quae
2192 1289 2242 1330 ab
2258 1289 2305 1330 il-

1273 1349 1352 1391 lius
1392 1348 1520 1390 Curia
1558 1346 1806 1404 frequentius
1847 1345 1984 1397 forte,
2015 1347 2138 1402 quam
2181 1358 2304 1390 antea

1274 1406 1478 1462 prodeunt
1505 1431 1519 1453 a
1562 1407 1691 1448 Sacrae
1722 1407 2048 1462 Congregationi
2085 1406 2294 1456 nunciare,

1274 1467 1315 1507 δι
1343 1466 1434 1506 inde
1460 1463 1709 1515 succedunt,
1740 1475 1785 1507 ut
1811 1461 2029 1520 plurimum
2057 1477 2198 1518 preces
2227 1478 2302 1507 eo-

1276 1538 1363 1565 rum
1380 1552 1394 1574 ‚
1426 1526 1492 1579 qui
1506 1526 1528 1563 e
1547 1523 1742 1565 Claustris
1762 1524 1800 1564 in
1817 1523 1896 1564 vim
1915 1522 2109 1564 dinatum
2124 1527 2302 1565 Senten-

1274 1583 1420 1624 riarum
1439 1581 1580 1634 egi-effi
1597 1608 1611 1630 ,
1642 1581 1789 1637 quique
1812 1581 1862 1622 ad
1892 1579 2057 1622 titulum
2086 1580 2300 1630 Religiosae

1274 1641 1528 1694 paupertatis
1552 1638 1877 1694 Presbyteralem
1893 1638 2092 1681 Ordinem
2107 1636 2267 1680 aflecuti
2287 1668 2302 1690 ‚

1274 1699 1477 1741 licentiam
1504 1698 1685 1752 flagitant
1700 1696 1854 1741 Missam
1882 1697 2147 1747 celebrandi,
2177 1711 2303 1752 quan-

1274 1772 1391 1813 quam
1421 1755 1631 1798 sufficienti
1656 1755 1906 1799 patrimonio
1933 1769 2011 1798 non
2043 1758 2300 1810 reperiantur

1276 1815 1420 1872 provili
1438 1844 1449 1855 .

1334 1877 1536 1916 Praeterea
1581 1874 1848 1928 Syracusanus
1892 1887 2053 1930 quoque
2081 1871 2300 1928 Episcopus

1273 1935 1480 1975 conlilium
1524 1945 1757 1985 nuperrime
1798 1933 1912 1987 petiit
1936 1962 1951 1984 ‚
1982 1946 2058 1987 qua
2086 1932 2301 1975 ratione.»

1276 1993 1480 2047 agendum
1513 1989 1581 2031 sibi
1609 1990 1653 2032 lit
1682 2005 1780 2046 erga
1799 1990 2021 2045 hujusmodi
2038 1989 2266 2044 Religiosos
2285 2017 2301 2040 ‚

1277 2052 1399 2107 quiin
1417 2051 1566 2090 Habitu
1588 2051 1823 2103 Presbyteri
1839 2049 2026 2091 secularis
2042 2048 2092 2089 ad
2108 2047 2232 2098 suam,
2249 2061 2300 2089 ex

1276 2123 1352 2165 qua
1375 2111 1577 2161 originem
1598 2110 1790 2156 trabunt,
1824 2106 2026 2150 Diaecefim
2049 2106 2301 2156 redeunteS,

1278 2166 1573 2223 permissionem
1589 2166 1823 2209 celebrandi
1839 2167 1888 2207 ab
1905 2167 1991 2209 aliis
2009 2165 2229 2208 Ordinariis
2242 2162 2301 2206 fa-

1277 2227 1355 2267 cile
1384 2226 1594 2266 obtentam
1625 2225 1691 2266 sibi
1706 2223 1907 2279 postulant
1931 2226 2172 2280 prorogari,
2203 2237 2302 2265 con-

1278 2296 1381 2337 gruo
1395 2283 1490 2323 licet
1508 2283 1762 2324 Patrimonio
1786 2283 1967 2325 destituti
1982 2295 1997 2334 3
2028 2285 2215 2335 Cumque
2231 2283 2298 2324 in-

1279 2351 1345 2382 ter
1372 2354 1440 2382 eos
1466 2340 1651 2392 nonnulli
1679 2340 1747 2382 sint
1766 2366 1779 2386 a
1811 2354 1984 2396 quorum
2011 2338 2202 2382 Profeffio
2222 2340 2299 2381 de-

1279 2399 1430 2441 clarata
1456 2397 1530 2439 fuit
1563 2397 1738 2440 invalida
1763 2399 1812 2439 ab
1838 2398 1916 2453 ipsa
1945 2398 2195 2452 Religionefi,
2227 2412 2301 2451 per

1280 2456 1518 2499 sententiam
1546 2454 1699 2497 scilicet
1737 2457 1761 2498 ὲ
1789 2454 1875 2496 solo
1902 2457 2122 2509 Superiore
2158 2456 2301 2498 Locali

1280 2515 1427 2571 absque
1442 2514 1657 2556 Ordinatio
1681 2514 1983 2569 pronunciatam
1999 2541 2014 2565 ‚
2044 2513 2104 2554 issi
2136 2527 2299 2568 quoque

1282 2571 1481 2616 beneficio
1512 2573 1619 2627 aeque
1633 2600 1646 2622 ‚
1666 2586 1711 2613 ac
1731 2571 1975 2614 Patrimonio
1999 2581 2183 2613 carentes
2204 2585 2300 2613 ean-

1280 2631 1375 2673 dem
1405 2631 1606 2673 licentiam
1638 2630 1757 2672 enixe
1781 2630 1831 2673 ab
1857 2629 2184 2672 Eminentiffimis
2213 2633 2299 2674 PP.

1281 2689 1551 2744 deprecantur
1565 2719 1576 2730 .

1338 2751 1438 2802 Quae
1459 2762 1549 2789 cum
1574 2747 1628 2788 ita
1646 2746 1717 2788 sint
1731 2776 1747 2799 ,
1781 2749 1818 2788 &
1835 2748 1892 2790 rei
1908 2747 2085 2803 gravi-tas
2101 2746 2270 2802 postulet
2283 2776 2298 2799 ,

1281 2817 1326 2849 ut
1346 2807 1583 2847 Eminentiae
1599 2807 1691 2846 VV·
1713 2819 1791 2846 non
1807 2809 1961 2850 tantum
1987 2807 2187 2861 praeterita
2203 2834 2218 2857 ‚
2249 2820 2296 2847 ac

1282 2862 1485 2919 praesentia
1517 2863 1734 2918 spectantes
1761 2890 1774 2913 ‚
1807 2863 1872 2905 sed
1910 2863 2042 2907 futura
2081 2877 2297 2919 quoque-„t

1281 2920 1567 2978 prospicientes
1593 2919 1871 2963 sollicitudinis
1898 2922 1971 2966 suae
2009 2934 2145 2978 partes
2170 2924 2299 2962 inter-

1283 2989 1462 3034 ponant,
1497 2993 1549 3021 ne
1574 2980 1791 3034 quidquam
1816 2980 1853 3021 in
1879 2982 2126 3023 eversionem
2148 2980 2297 3021 Eccle-

1281 3038 1435 3080 fiasticae
1459 3065 1473 3088 ,
1510 3051 1556 3079 ac
1583 3037 1803 3093 praesertim
1830 3038 2045 3091 Regularis
2075 3037 2299 3089 Disciplinae

1283 3107 1423 3138 contra
1455 3096 1731 3138 saluberrimas
1761 3096 2020 3138 Sacrosanetae
2049 3095 2297 3137 Tridentinae

1284 3155 1434 3209 Synodi
1451 3155 1677 3197 Sanftiones
1693 3152 1821 3209 passim
1839 3153 1985 3206 irrepat
2006 3182 2020 3204 ‚
2051 3154 2130 3196 five
2147 3153 2297 3208 aliquid

1285 3211 1392 3255 forte
1416 3213 1621 3255 iuvenum
1646 3213 1770 3264 magis
1796 3210 2049 3263 effundatur,
2079 3227 2124 3254 ac
2146 3211 2297 3254 diutius

1283 3270 1518 3326 perseveret
1543 3298 1559 3322 ‚
1597 3267 1857 3312 necessarium
1883 3269 2052 3322 proinde
2094 3269 2217 3312 visum
2243 3272 2299 3314 est

1285 3330 1401 3384 super
1435 3329 1507 3369 hac
1553 3343 1686 3371 rerum
1729 3328 1920 3382 congerie
1948 3327 2297 3383 sapientiffimum,

1284 3387 1393 3442 aeque
1409 3399 1480 3437 ,ac
1496 3385 1836 3440 prudentiffimum
1863 3384 2178 3429 Eminentiarum
2203 3389 2296 3428 VV.

1285 3445 1477 3502 judicium
1492 3443 1603 3499 juxta
1620 3445 1797 3488 Dubium
1813 3442 1978 3487 inferius
1991 3442 2296 3489 describendum

1287 3515 1529 3558 exquirere.

1349 3564 1477 3603 Porro
1492 3559 1706 3602 secundum
1721 3574 1795 3613 ea,
1826 3577 1912 3618 quae
1935 3562 2122 3606 haetenus
2138 3563 2175 3605 in
2197 3560 2298 3603 facto

1289 3619 1453 3662 suerunt
1475 3617 1647 3673 exposita
1665 3648 1679 3670 ‚
1709 3622 1787 3662 tria
1815 3620 2052 3676 potissimum
2067 3622 2299 3675 deprehen-

1281 3678 1432 3720 duntur
1459 3676 1496 3719 in
1522 3676 1752 3731 quibusdam
1783 3679 1910 3734 Regni
1933 3680 2078 3723 Siciliae
2105 3677 2299 3721 Dioecefi-

1281 3736 1352 3791 bus
1367 3745 1510 3779 contra
1527 3734 1756 3793 Tridentini
1770 3738 2037 3795 praescriptum
2054 3736 2193 3782 vitiose
2210 3747 2298 3799 pet-

2164 3806 2242 3848 agi.
