2716 4082
766 227 1819 327 ELENCHvS.
2048 252 2287 331 xxxix

233 340 395 393 nostris
431 339 617 391 Terlitii
651 342 724 392 die
755 357 968 392 currente
1005 341 1221 393 celebrari
1247 380 1263 402 ,
1324 348 1725 419 Indulgentiarum
1755 355 1947 407 Ordinis
1965 358 2019 415 ‚in
2048 378 2098 409 ea
2123 365 2170 411 in
2189 379 2346 429 perpe-

153 437 155 439 ·
232 427 392 463 contra
428 415 517 462 ΡΡ.
547 413 857 463 Observantes
900 412 1076 461 ibidem
1112 413 1263 465 statui·
1323 433 1456 469 tuum
1488 422 1689 474 habitare
1719 427 1957 479 concedit.
1998 428 2183 480 Clemens
2213 430 2346 481 VIII.

231 499 308 535 tur
325 519 338 530 .
373 500 463 531 cum
478 499 591 531 nota.
1165 505 1184 534 1
1202 505 1219 535 1
1235 507 1254 538 1
1321 507 1408 538 cum
1421 507 1517 540 nota
1530 529 1543 542 .
2250 523 2268 552 1
2282 521 2306 550 2
2321 521 2341 551 1

8 3644 13 3724 ,ΗΛ-ψ
7 3573 12 3634 -w
5 3418 12 3543 ψὴν-ε
6 3374 11 3411 -.Α-
7 3347 10 3363 -
5 3280 10 3339 --
6 3216 10 3237 -
5 3193 9 3203 ,
4 3086 9 3110 v-
5 3027 9 3055 ..⁴
3 2995 9 3006 -
6 2898 8 2916 „a

300 558 504 608 Decreto
530 557 574 602 S.
593 556 829 620 Congreg.
848 550 995 619 Episc.
1023 552 1071 606 <Sc
1089 558 1257 627 Regul.

225 627 383 674 Patres
417 623 684 676 Discalceati
717 625 765 674 S.
786 625 906 671 Petri
934 623 989 672 de
1009 628 1259 680 Alcantara

224 699 270 745 in
290 697 437 746 Terra
455 692 720 747 Castellanae
737 726 753 749 ,
791 694 911 746 ultra
932 709 1129 761 quatuor
1155 700 1259 747 mil·

222 767 354 816 liaria
383 764 602 817 distantiae
632 760 688 811 ab
713 778 876 814 eorum
899 767 1149 820 Conventa
1165 800 1182 826 ,
1207 764 1258 816 <St

225 839 271 886 in
283 838 415 887 Locis
425 871 441 893 ,
456 834 533 886 ubi
547 847 786 885 morantur
800 837 979 886 Fratres
1003 832 1141 884 nostri
1162 833 1254 890 dte.

220 906 468 975 quaestuare
495 903 817 972 prohibentur.
1143 912 1178 960 'i
1194 919 1250 955 12

292 982 494 1027 Decreto
520 977 622 1026 Sac.
658 977 898 1045 Congreg.
920 978 1114 1026 Rituum
1134 978 1254 1028 eirca

220 1046 442 1097 funeralia
460 1044 758 1098 cadaverum
778 1048 1074 1099 saecularium.
1097 1047 1153 1100 ad
1174 1052 1256 1097 Ec-

220 1117 404 1168 clesiam
420 1115 597 1172 Dorm‘is
614 1117 770 1169 Terrae
787 1118 949 1168 Corati
970 1116 1224 1167 delatorum
1238 1152 1254 1174 ,

218 1194 420 1240 Decreta
451 1191 542 1255 jam
575 1187 685 1233 alias
721 1201 928 1237 emanata
963 1184 1167 1245 servari,
1205 1186 1255 1243 ὅς

218 1257 476 1310 funffiones
513 1252 790 1308 funeralium
826 1273 917 1308 non
957 1256 984 1305 a
1013 1259 1253 1316 Parocho,

217 1327 295 1379 sed
327 1325 560 1378 Fratribus
585 1327 739 1395 peragi
771 1327 1015 1378 mandatur
1032 1348 1096 1380 .c.
1113 1348 1154 1377 n.
1190 1327 1256 1378 ibi

288 1404 489 1450 Decreto
514 1400 563 1450 S.
584 1402 821 1467 Congreg.
844 1395 991 1469 Episc.
1013 1398 1061 1453 ὅ(
1085 1401 1251 1468 Regul.

218 1469 529 1521 infirmariam
554 1504 570 1528 ,
605 1467 656 1521 &
690 1471 1035 1522 Aromatariam
1069 1469 1252 1524 Domfis

217 1538 420 1592 Barenfis
458 1540 759 1612 reintegrari,
787 1558 840 1589 ac
867 1542 893 1589 a
924 1542 1255 1593 PP.Guardia·›

215 1615 285 1663 nis
314 1610 543 1663 summam
564 1608 868 1679 praescriptam
893 1614 1133 1679 quotannis
1155 1610 1255 1664 sub-

216 1681 462 1735 ministrari
497 1680 695 1734 sancitur
712 1718 726 1734 .
912 1680 916 1682 ’
1156 1700 1176 1729 1
1194 1700 1212 1731 1
1224 1700 1249 1742 3

289 1758 490 1804 Decreto
512 1756 560 1805 S·
580 1756 820 1825 Congreg.
839 1751 988 1819 Episc.
1013 1749 1061 1803 ἃ
1083 1752 1251 1819 Regul.

217 1825 448 1876 Fundatio
481 1824 751 1873 Conventus
788 1827 833 1869 in
871 1825 1018 1872 Terra
1057 1819 1252 1889 Capurfi

214 1892 426 1947 Patribus
454 1895 501 1941 S.
521 1895 640 1942 Petri
663 1892 719 1940 de
747 1894 991 1945 Alcantara
1009 1926 1024 1951 ,
1049 1891 1252 1942 instanti-

215 1966 300 2016 bus
318 1961 480 2014 nostris
508 1962 744 2013 Fratribus
777 1960 971 2017 secunda
1006 1964 1106 2016 vice
1135 1965 1248 2016 inhi-

216 2038 376 2087 betur.
1156 2052 1173 2081 1
1191 2052 1250 2104 14

259 2179 655 2230 PROVINCIA
692 2176 1201 2235 HYDRUNTINA.

286 2319 472 2368 Erefiio
497 2334 627 2368 novae
655 2317 832 2369 Domt'is
860 2321 905 2367 in
931 2321 1035 2369 loco
1055 2319 1251 2370 Corilia-

217 2394 264 2442 ni
281 2389 339 2438 ad
356 2388 583 2440 instantias
594 2392 785 2457 Joannis
799 2389 855 2439 de
870 2391 1109 2442 Montibus
1123 2393 1251 2438 Mar-

219 2461 392 2512 chionis
424 2459 535 2512 diffl
562 2460 757 2511 loci&c.
788 2458 1015 2530 signatur.
1153 2469 1250 2509 116

287 2533 470 2583 Litteris
483 2529 758 2589 Pontificiis,
772 2531 832 2580 ob
848 2546 1046 2583 mortem
1061 2532 1249 2581 Archie-

215 2601 390 2671 piscopi
408 2601 706 2668 Hydruntini
721 2602 977 2653 executioni
997 2620 1086 2652 non
1105 2601 1219 2650 datis
1233 2635 1250 2662 ‚

217 2675 412 2725 Vicario
426 2675 641 2725 Generali
658 2670 979 2725 Nerithonenfi
995 2673 1108 2722 hanc
1125 2688 1251 2720 com-

215 2746 361 2794 mittit
378 2780 391 2793 .
428 2743 583 2794 Sixtus
609 2742 663 2795 V.
683 2761 773 2792 cum
795 2759 893 2791 nota
909 2780 923 2794 .
1153 2762 1172 2791 1
1189 2761 1246 2802 17

285 2813 486 2882 Epistola
511 2818 559 2864 S.
575 2817 812 2886 Congreg.
834 2811 982 2883 Episc.
1002 2811 1051 2864 ἃ
1076 2813 1246 2880 Regul.

218 2886 482 2937 Revocatio
508 2885 700 2937 licentiae
714 2919 730 2942 ,
752 2885 798 2931 in
818 2885 963 2936 Terra
983 2884 1249 2949 Cryptalia-

216 2974 321 3006 rum
339 2960 640 3008 Conventum
670 2951 875 3021 erigendi
896 2957 1018 3007 RR.
1042 2951 1248 3001 Patribus

219 3024 584 3080 Observantibus
614 3021 894 3078 Reformatis
919 3028 942 3074 a
961 3020 1150 3077 Vicario
1162 3024 1251 3070 Ge-

220 3098 361 3146 nerali
389 3097 501 3147 datae
528 3095 808 3164 approbatur
827 3131 840 3147 .
871 3113 959 3145 cum
977 3109 1088 3146 nota.
1153 3112 1172 3141 1
1189 3095 1245 3140 18

292 3166 493 3235 Epistola
505 3170 907 3234 Sac.Congregat.
927 3162 1075 3232 Episc.
1097 3161 1145 3213 &
1165 3167 1251 3212 Re-

221 3239 320 3308 gul.
353 3242 560 3289 Domum
592 3239 638 3286 in
664 3239 811 3287 Terra
841 3237 1071 3289 Galatulae
1105 3234 1250 3301 erigi,

222 3309 273 3359 dt
300 3321 487 3357 econtra
517 3308 653 3360 aliam
684 3305 905 3379 supprimi
946 3308 998 3358 P.
1033 3304 1249 3360 Generali

221 3391 559 3429 committltur.
904 3435 907 3438 Ι
1153 3393 1173 3432 1
1191 3392 1250 3434 19

293 3449 477 3499 Ereffio
508 3464 638 3496 novae
667 3443 847 3495 Domiis
880 3447 926 3494 in
960 3446 1106 3496 Terra
1141 3447 1251 3500 Sco-

223 3522 320 3570 rani
355 3520 412 3574 ad
452 3517 677 3567 instantias
710 3516 1074 3570 Communitatis
1113 3513 1254 3583 {igna-

226 3605 303 3640 tur
324 3626 336 3639 .
1154 3603 1247 3639 120

295 3664 353 3709 In
385 3661 591 3711 Civitate
618 3658 817 3709 Oritana
842 3673 1013 3708 novam
1041 3660 1249 3711 Domum

225 3729 283 3779 ad
298 3727 525 3779 instantias
544 3729 906 3780 communitatis
931 3726 1075 3795 erigi,
1104 3725 1151 3775 ὅ(
1175 3745 1249 3773 12.

225 3804 405 3850 Fratres
437 3818 544 3849 cum
575 3795 790 3849 fruitione
821 3798 1174 3866 privilegiorum
1202 3795 1251 3846 ὅς

1388 562 1676 615 Ornamenta
1706 565 1755 618 ὃ(
1782 571 2049 620 Paramenta
2079 607 2096 630 ,
2137 572 2162 619 ὲ
2194 574 2346 622 Maxi-

1318 631 1507 682 miliano
1539 636 1740 683 Bavariae
1772 640 1902 687 Duce
1933 640 2141 691 Ecclefiae
2159 645 2342 691 Munia-

1319 700 1433 746 lium
1461 701 1702 751 Brundufii
1730 705 1756 752 ὲ
1781 705 1824 755 se
1852 709 2118 761 construstae
2144 711 2342 770 donata,

1317 767 1478 847 eainde
1508 773 1683 823 extrahi
1720 776 1963 841 prohibet,
1997 779 2045 830 ὃ(
2076 782 2345 848 prohibitio-

1317 853 1386 889 nis
1403 840 1584 911 copiam
1615 843 1660 889 in
1685 846 1832 893 valvis
1857 848 2064 898 Ecclefiae
2088 886 2103 908 ,
2142 855 2216 901 vel
2246 855 2338 902 alio

1316 907 1421 958 loco
1448 909 1670 977 perpetuo
1699 911 1883 966 affixam
1911 934 2091 967 manere
2123 923 2340 972 mandat.

1316 976 1486 1031 ‘Paulus
1508 979 1562 1034 V.
1601 1000 1690 1036 cum
1703 998 1822 1034 nota.
2248 1011 2341 1043 122

1387 1051 1567 1103 PetIum
1598 1066 1731 1102 terrae
1754 1088 1770 1110 ,
1798 1054 1855 1103 ad
1888 1056 2130 1107 Ecclesiam
2164 1057 2340 1111 saecula.

1318 1135 1414 1166 rem
1453 1123 1507 1169 B.
1528 1123 1691 1181 Mariae
1710 1126 1917 1193 Virginis
1933 1127 1989 1176 de
2002 1131 2230 1198 Stigliano
2249 1130 2342 1199 spe-

1316 1187 1440 1240 <stans
1465 1225 1482 1248 ,
1516 1195 1692 1259 Domui
1722 1196 1935 1245 Fratrum
1969 1200 2078 1245 Loci
2115 1198 2341 1265 Mess‘apiae

1314 1260 1629 1328 incorporari,
1661 1263 1913 1321 Ordinatio
1932 1270 2212 1329 committit.
2250 1270 2342 1320 Ur-

1313 1328 1442 1382 banus
1471 1330 1601 1385 VIII.
2245 1358 2341 1402 124

1386 1406 1593 1457 Domum
1610 1401 2239 1479 suppressaeCongregationis
2252 1412 2340 1459 Mi-

1314 1490 1481 1522 norum
1502 1477 1892 1532 Conventualium
1916 1480 1960 1532 in
1980 1483 2105 1536 Loco
2123 1483 2340 1546 Squinza-

1313 1544 1359 1591 ni
1392 1561 1499 1593 curn
1524 1544 1738 1595 omnibus
1760 1547 1970 1608 juribus,
2009 1554 2222 1602 Fratrum
2241 1549 2340 1599 usui

1313 1614 1509 1679 relinqui
1534 1615 1680 1677 jubet.
1719 1614 1848 1670 Idem.
1881 1636 1969 1671 cum
1987 1636 2099 1669 nota.
2276 1620 2341 1669 ibi

1386 1684 1645 1737 Terrenum
1681 1685 1739 1735 ad
1776 1685 1987 1742 Mensam
2023 1687 2338 1758 Episcopalem

1313 1754 1570 1804 Alexanen.
1601 1758 1828 1823 pertinens
1857 1794 1872 1815 ,
1919 1776 2003 1827 pro
2043 1761 2179 1812 horto
2211 1779 2339 1811 novae

1312 1823 1493 1878 Domfis
1544 1830 1760 1881 Fratrum
1804 1826 1973 1879 ibidem
2012 1832 2197 1880 alienari
2236 1849 2341 1880 con-

1312 1894 1435 1948 cedit
1453 1931 1465 1944 .
1504 1893 1636 1948 Idem.
2243 1913 2340 1951 126

1383 1967 1532 2019 Aliud
1549 1970 1813 2023 Terrenum
1836 1969 1894 2020 ad
1919 1970 2109 2026 eandem
2126 1971 2339 2022 Mensam

1313 2034 1632 2106 Episcopalem
1662 2036 1862 2105 spectans
1894 2057 1978 2108 pro
1999 2044 2157 2097 Horto
2196 2046 2240 2091 in
2265 2043 2338 2091 be-

1312 2105 1527 2158 neficium
1564 2107 1761 2172 ejusdem
1790 2109 1969 2160 Domus
1988 2114 2201 2161 Fratrum
2239 2131 2339 2182 per-

1311 2181 1480 2233 mutari
1503 2181 1760 2233 committit
1784 2216 1796 2230 .
1836 2180 2035 2231 Urbanus
2072 2181 2206 2233 VIII.
2246 2202 2336 2232 cum

1311 2264 1412 2299 nota
1431 2286 1444 2301 .
2274 2254 2339 2302 ibi

1381 2318 1580 2388 Epistola
1598 2324 1699 2371 Sac.
1714 2324 1999 2391 Congregat.
2015 2322 2161 2391 Episc.
2179 2322 2226 2376 ὅ(
2243 2329 2334 2374 Re-

1309 2394 1461 2465 gular.
1476 2389 1703 2459 Episcopo
1726 2391 2022 2463 Ugentinenfi
2034 2398 2335 2448 Conventum

1310 2459 1497 2516 Ruffani
1516 2495 1533 2518 ,
1562 2477 1663 2509 ante
1688 2462 1938 2515 Decretum
1970 2466 2223 2518 Innocentii
2245 2468 2332 2513 XI.

1308 2534 1358 2585 de
1377 2535 1534 2598 par-vis
1549 2530 1836 2582 Con-ventibus
1859 2531 2063 2581 erthum
2082 2568 2097 2590 ,
2126 2531 2205 2585 sub
2223 2551 2333 2600 prae-

1311 2617 1438 2655 textu
1453 2636 1467 2659 ‚
1482 2602 1606 2669 quod
1624 2619 1643 2658 Ι
1656 2620 1700 2651 2.
1714 2605 1894 2659 Fratres
1912 2603 1956 2651 in
1973 2620 2024 2651 eo
2040 2620 2129 2651 non
2146 2604 2331 2673 degant,

1310 2671 1491 2725 visitare
1510 2671 1756 2729 inhibetur.
2235 2692 2251 2724 1
2267 2691 2290 2720 2
2301 2691 2330 2731 7

1379 2742 1690 2797 Concordiam
1709 2743 1880 2797 ratione
1908 2743 2030 2791 horti
2060 2740 2332 2792 Conventus

1311 2815 1529 2864 Civitatis
1550 2810 1810 2869 Brundufii,
1825 2814 1940 2866 inter
1958 2815 2096 2865 Cives
2115 2812 2163 2863 ὅ(
2178 2817 2332 2863 D.Ar·

1310 2882 1630 2933 chidiaconum
1647 2879 1903 2934 confirmat.
1940 2879 2069 2936 Idem.
2233 2886 2326 2932 128

1378 2955 1592 3009 Hortum
1607 2949 1784 3006 Domfis
1798 2952 2015 3005 Civitatis
2035 2951 2244 3006 Licienfis
2257 2971 2331 3001 an-

1310 3039 1404 3072 nuo
1431 3038 1601 3070 canone
1628 3035 1874 3089 gravatum
1899 3020 2112 3078 liberari,
2143 3020 2190 3071 <St
2216 3039 2330 3069 onus

1312 3091 1370 3146 ad
1409 3093 1550 3147 alium
1593 3089 1787 3142 fundum
1825 3087 2055 3144 transferri
2083 3124 2100 3147 ‚
2141 3089 2328 3157 Episco-

1311 3180 1371 3236 po
1392 3161 1483 3215 ἃς,
1507 3162 1761 3218 committit
1781 3195 1793 3207 .
1829 3158 1958 3208 Idem.
2269 3159 2334 3208 ibi

1382 3237 1581 3285 Dec-reto
1602 3235 1649 3281 S.
1668 3234 1905 3297 Congreg.
1923 3226 2070 3294 Episc.
2093 3226 2141 3278 ὅ(
2162 3231 2330 3298 Regul.

1311 3299 1509 3358 Ecclesia
1541 3305 1594 3356 B.
1617 3305 1676 3350 V.
1697 3301 1853 3353 Mariae
1887 3301 2169 3349 Incoronatae
2195 3315 2329 3351 ,extra

1309 3388 1467 3427 muros
1483 3372 1700 3424 Civitatis
1727 3365 2036 3421 Nerithonefis
2069 3367 2152 3418 fita
2167 3372 2333 3418 Fratri-

1311 3441 1454 3495 tribus
1468 3457 1552 3513 pro
1565 3439 1864 3498 Habitatione
1879 3435 1953 3489 seu
1963 3441 2213 3489 Conventu
2227 3457 2332 3488 con·

1314 3512 1492 3567 ceditur
1511 3546 1523 3559 .
2237 3528 2332 3569 129

1380 3578 1663 3631 Thesaurum
1694 3579 1740 3627 in
1774 3584 1877 3626 loco
1899 3578 2154 3626 Rudiarum
2184 3597 2327 3628 cum..

1311 3658 1524 3704 Fratrum
1550 3648 1762 3700 molestiis
1785 3648 2013 3714 perquiri,
2032 3661 2111 3695 aut
2126 3682 2140 3703 ‚
2166 3663 2216 3697 ut
2231 3665 2328 3714 per-

1311 3724 1550 3790 quiratur,
1584 3720 1784 3787 permitti
1823 3715 1905 3767 sub
1928 3714 2123 3766 censuris
2170 3717 2327 3784 prohi-

1310 3794 1388 3844 bet:v
1398 3827 1410 3841 .
1448 3788 1562 3841 Idem
2270 3785 2334 3834 ibi

2166 3857 2277 3896 Cen-
