2664 4114
973 205 1617 325 Hydruntina.

253 325 328 381 plis
343 324 491 366 edocta
509 318 805 363 rationabiliter
830 329 1052 370 verentur,
1084 335 1134 362 ne
1160 322 1265 362 alte-

250 384 401 429 rutrius
424 393 474 421 ex
497 378 634 422 iisdem
650 380 800 421 duabus
829 379 1071 422 Monialibus
1091 376 1264 423 directio

251 442 320 486 fibi
342 444 380 482 in
401 436 682 492 spiritualibus
698 451 834 491 parum
851 434 1041 492 proficua,
1057 437 1094 478 in
1112 447 1265 499 tempo-

249 501 398 543 ralibus
413 499 512 539 vero
532 494 779 550 dispendiosa
799 494 933 536 futura
956 493 999 535 fit
1013 523 1026 539 .

306 561 415 601 Cum
439 565 598 603 autem,
623 554 720 596 ficut
734 556 878 595 eadem
891 555 1086 608 expolitio
1103 551 1262 608 subjun-

246 617 367 674 gebat
382 643 397 667 ,
426 615 536 656 dietae
554 615 807 666 exponentes
821 640 836 662 ‚
865 624 947 665 quo
960 612 1166 654 scandalis
1181 641 1196 663 ,
1223 615 1266 653 ’δε

248 671 667 719 inconvenientibus,
683 683 767 724 quae
788 670 1069 725 praemissorum
1091 671 1261 716 occasio-

247 749 301 778 ne
316 733 414 777 oriri
430 728 584 786 possent
600 756 614 779 ,
628 728 786 768 obviam
811 739 957 777 eatur,
989 743 1033 771 ac
1051 729 1146 771 dic‘ti
1175 733 1264 772 Mo·

245 790 410 837 nasterii
433 782 631 831 Abbatiffa
643 785 823 828 destituti
855 787 1145 831 neceffitatibus
1160 800 1258 831 con-

249 852 400 893 sulatur
412 876 427 898 ‚
455 846 621 900 ipsaeque
639 847 893 899 Exponentes
908 847 1046 902 quiete
1066 844 1258 900 spirituali

247 909 358 958 frui,
387 908 426 947 &
453 904 519 946 sub
536 900 747 945 Abbatiffae
760 905 809 944 ad
827 918 967 946 earum
991 907 1174 968 regimen
1192 917 1266 959 ap·-

248 977 298 1010 tae
320 963 544 1007 directione
573 961 792 1017 spiritualia
809 965 1006 1005 exercitia
1035 967 1265 1016 frequenta-

246 1041 296 1070 re
313 1023 500 1069 valeant,
530 1020 618 1063 aliis
633 1020 814 1077 ejusdem
830 1021 1059 1065 Monasterii
1076 1019 1259 1065 Moniali·

246 1087 321 1128 bus
344 1078 606 1139 quadraginta
632 1092 827 1122 annorum
869 1091 986 1122 aetate
1013 1079 1259 1128 minoribus,

246 1141 410 1186 fervore
437 1150 576 1182 tamen
593 1136 747 1192 spiritus
763 1166 777 1189 ‚
807 1153 851 1179 ac
869 1136 1113 1192 prudentia,
1143 1139 1181 1177 δι
1200 1150 1262 1178 re·

245 1202 355 1257 liqua
381 1197 431 1240 ad
458 1195 679 1251 regendum
708 1197 996 1243 Monasterium
1038 1194 1260 1248 huiusmodi

246 1257 432 1314 requifita
456 1253 683 1308 aptitudine
709 1254 883 1310 praeditis
912 1284 925 1304 ,
957 1255 1009 1296 de
1036 1267 1261 1308 opportuna

247 1317 297 1360 ad
327 1311 612 1359 Abbatiffatum
638 1313 862 1355 Monasterii
893 1313 1115 1368 hujusmodi
1145 1309 1261 1358 susci-

250 1374 444 1432 piendum
458 1368 750 1427 dispensatione
778 1374 982 1426 provideri
1009 1374 1261 1425 iummopere

246 1432 506 1477 desiderent.
538 1433 621 1471 Nos
647 1431 807 1472 easdem
836 1434 1091 1486 Exponentes
1115 1430 1262 1486 specia-

245 1493 349 1536 libus
366 1489 600 1538 favoribus,
630 1491 670 1531 &
689 1490 828 1544 gratiis
851 1490 1035 1545 prosequi
1054 1490 1267 1538 volentes,

244 1553 436 1593 &earum
466 1547 682 1602 fingulares
707 1548 894 1603 personas
925 1549 1162 1608 aquibul'vis
1187 1550 1265 1592 ἃς,

243 1609 472 1658 censentes,
485 1606 836 1662 supplicationibus
849 1621 988 1650 earum
1005 1611 1165 1649 nomine
1178 1609 1266 1649 No-

247 1670 308 1711 bis
335 1666 546 1710 humiliter
559 1666 752 1720 porra-&is
777 1665 983 1718 inclinati,
1002 1666 1263 1709 Fraternitati

246 1738 324 1770 tuae
349 1739 420 1782 per
444 1724 658 1780 praesentes
685 1725 976 1767 committimus
998 1753 1012 1776 ,
1041 1727 1078 1766 &
1101 1725 1263 1767 manda·-

249 1794 554 1840 mus‚quatenus
568 1781 788 1824 constitoTi
798 1784 835 1824 bi
850 1783 904 1826 de
922 1785 1091 1826 narratis
1108 1783 1261 1826 eisdem

251 1841 559 1898 Exponentibus
575 1869 588 1890 ‚
621 1840 728 1882 utad
756 1839 985 1884 sexennium
1006 1846 1264 1897 proximum,

247 1902 489 1948 dumtaxat,
518 1899 559 1939 δε
585 1898 768 1948 iuterim,
795 1907 952 1954 quotie-s
983 1899 1264 1945 Monasterium

245 1960 477 2016 praedictum
494 1954 703 2002 Abbatissa
730 1957 962 2000 destitutum
991 1957 1114 2000 fuerit
1130 1988 1145 2008 ,
1168 1959 1265 2000 alias

244 2018 515 2075 quascumque
532 2014 707 2071 ejusdem
721 2016 948 2059 Monasterii
974 2018 1170 2060 Moniales
1191 2018 1265 2059 tri-

244 2078 353 2133 ginta
373 2076 546 2132 quinque
571 2075 681 2117 annis
697 2088 775 2116 non
803 2076 976 2118 minores
992 2103 1005 2126 ,
1037 2090 1080 2117 ac
1107 2076 1260 2117 caeteris

244 2136 430 2179 omnibus
457 2132 559 2176 adid
577 2132 772 2188 requifitis
796 2134 979 2188 praeditas
1005 2148 1042 2175 in
1070 2133 1259 2176 Abbatis—

243 2195 300 2238 sas
314 2192 408 2236 dieti
420 2190 647 2234 Monasterii
663 2190 876 2234 successive
889 2191 1055 2234 servatis
1070 2193 1165 2236 alias
1179 2190 1258 2234 ser·

245 2251 390 2294 vandis
414 2248 565 2302 eligere
581 2248 710 2291 libere
739 2249 907 2291 &licite
931 2249 1071 2304 possint
1088 2278 1101 2301 ‚
1122 2254 1256 2292 aueto-

249 2311 371 2352 ritate
399 2305 526 2348 nostra
544 2305 768 2360 Apostolica
784 2309 952 2349 arbitrio
967 2319 1036 2349 tuo
1047 2309 1259 2358 concedas,

250 2382 299 2411 ac
322 2379 414 2408 cum
447 2376 696 2420 quacumque
724 2365 888 2408 Moniali
909 2366 1003 2408 dicti
1031 2366 1258 2409 Monasterii

248 2426 301 2469 fic
314 2455 330 2476 ,
362 2432 406 2466 ut
422 2419 656 2478 praefertur,
672 2421 862 2467 sexennio
878 2424 1098 2479 hujusmodi
1121 2425 1265 2467 duran-

247 2495 308 2536 te,
320 2485 357 2524 in
374 2479 614 2525 Abbatiffam
629 2481 804 2538 ejusdem
820 2484 1267 2540 Monasterii,eligenda

247 2543 275 2586 fi
291 2569 306 2592 a
330 2543 368 2582 δι
386 2539 544 2596 quando
565 2542 737 2596 quinque
753 2542 844 2583 anni
861 2542 1070 2585 dumtaxat
1098 2543 1149 2585 de
1172 2554 1267 2585 aeta-

250 2613 294 2645 te
318 2599 582 2656 quadraginta
596 2612 788 2641 annorum
804 2602 1101 2656 completorum
1116 2603 1163 2642 ad
1181 2602 1264 2646 Ab·

246 2656 472 2704 batilsatum
487 2656 675 2712 requisita
693 2659 729 2700 ei
744 2657 936 2702 deficient
953 2689 969 2711 ,
999 2660 1049 2701 ita
1066 2688 1078 2710 ,
1094 2662 1199 2715 quod
1218 2674 1270 2702 eo

250 2733 329 2762 non
354 2716 535 2758 obstante
550 2743 564 2765 ,
588 2714 813 2760 dummodo
835 2717 990 2774 nullum
1005 2718 1114 2763 aliud
1134 2722 1267 2761 Cano·

249 2778 388 2820 uicum
429 2773 488 2816 eis
529 2773 658 2816 obstet
698 2775 1030 2829 impedimentum
1056 2806 1072 2827 ‚
1116 2778 1274 2831 ipsaque

251 2837 353 2879 alias
371 2832 514 2874 idonea
529 2831 857 2883 existat‚servatis
875 2835 1077 2877 servandis
1092 2835 1271 2876 officium

249 2887 520 2938 Abbatiffatfis
552 2890 645 2931 dicti
669 2892 900 2935 Monasterii
924 2893 992 2934 fibi
1027 2893 1123 2935 alias
1152 2907 1272 2935 cano-

249 2953 342 2995 nice
370 2948 559 2992 delatum
589 2947 790 3004 suscipere
812 2980 828 3001 ,
860 2952 899 2991 &
929 2965 1124 2995 exercere
1149 2955 1272 2993 etiam

251 3009 381 3053 libere
395 3037 409 3060 ‚
423 3006 592 3049 &licite
608 3007 743 3050 valeat
757 3036 770 3058 ‚
781 3009 1035 3052 authoritate
1051 3012 1090 3051 &
1104 3009 1274 3052 arbitrio

256 3066 427 3126 praefatis
453 3064 651 3122 dispenses
671 3097 684 3106 .
715 3069 809 3110 Non
825 3068 1071 3112 obstantibus
1097 3068 1269 3124 Aposto-

1020 3211 1242 3275 ΝΟ

1326 324 1412 364 licis
1440 353 1455 376 ‚
1486 338 1530 364 ac
1564 325 1601 366 in
1632 321 1932 366 Universslibus
1957 350 1972 374 ,
2002 321 2356 367 provincialibus..

1324 394 1403 435 que
1419 409 1434 435 ,
1464 383 1504 430 ὃς
1527 382 1795 436 synodalibus
1811 380 2010 425 Conciliis
2034 379 2155 421 editis
2173 392 2348 433 genera-

1326 439 1431 486 libus
1454 468 1467 491 ‚
1509 441 1572 482 vel
1612 438 1847 493 specialibus
1881 438 2268 488 constitutionibus,
2306 439 2347 479 δι

1327 497 1651 542 ordinationibus
1668 528 1684 548 ‚
1716 513 1871 541 necnon
1900 498 2098 541 dictorum
2112 495 2282 538 Ordinis
2308 498 2349 537 δε

1323 556 1552 603 ‚Monasterii
1570 555 2196 613 hujusmodi,etiamJuramento
2208 582 2224 605 ‚
2239 556 2351 597 Con-

1323 613 1554 661 firmatione
1579 613 1811 667 Apostolica
1839 641 1854 663 2
1890 615 1954 656 vel
1982 613 2127 669 -quavis
2154 611 2351 655 firmitate

1325 673 1403 713 alia
1432 672 1629 715 roboratis
1655 671 1810 713 statutis
1837 700 1850 722 ,
1886 673 1926 712 &
1959 670 2307 715 consuetutinibus
2334 696 2351 720 ‚

1326 727 1558 785 caeterisque
1581 731 1797 772 contrariis
1813 730 2160 785 quibuscumque.
2197 732 2348 771 Datum

1323 789 1464 834 Romae
1479 787 1581 841 apud
1600 790 1779 833 §anetam
1798 788 1967 828 Mariam
1987 786 2182 842 Maiorem
2198 787 2264 829 sub
2279 799 2353 829 an-

1322 844 1420 890 nulo
1434 843 1645 886 Piscatoris
1674 846 1741 886 die
1755 870 1871 885 .....
1896 844 2147 898 Septembris
2163 858 2354 889 mocriv.

1326 902 1590 952 Pontificatus
1606 904 1742 950 Nostri
1760 907 1880 953 Anno
1895 901 2124 944 undecimo.

1899 1019 1953 1066 G.
1968 1018 2234 1064 Gualterius.'

1387 1142 1450 1187 Ex
1467 1138 1638 1184 Archivo
1671 1139 1854 1187 Vaticano
1876 1139 2053 1182 Secreto.

1879 1275 2230 1299 —ss—
2238 1275 2355 1288 —

1523 1377 1564 1423 D
1624 1376 1658 1422 Ε
1719 1378 1757 1418 C
1818 1378 1859 1424 R
1919 1377 1953 1424 Ε
2015 1375 2052 1420 Τ
2110 1375 2161 1416 0·

1644 1493 1691 1548 S,
1721 1493 1822 1548 Rit.
1853 1495 2054 1564 Congreg.

1326 1626 1381 1679 In
1416 1622 1566 1678 Causa
1599 1623 1894 1676 Proceffionis
1929 1627 1976 1677 S.
2010 1623 2204 1673 Antonii
2238 1622 2356 1673 inter

1399 1698 1485 1745 PP.
1527 1690 1817 1747 Reformatos
1866 1694 1914 1745 <Sc
1962 1697 2143 1742 Fratres
2181 1691 2358 1742 nostros

1393 1768 1614 1820 Civitatis
1648 1763 1894 1819 Castroniti
1914 1778 2124 1818 vertente
2146 1799 2163 1821 ,
2201 1781 2280 1834 per
2299 1765 2360 1812 al-

1396 1851 1519 1886 teros
1541 1854 1640 1885 eam
1672 1838 1713 1883 in
1745 1837 1816 1884 die
1839 1836 2111 1889 Festivitatis
2140 1838 2188 1889 S.
2210 1841 2361 1888 Anto-

1397 1909 1493 1965 nii,
1533 1906 1579 1956 ὅ(
1610 1924 1688 1973 per
1724 1909 1888 1957 alteros
1922 1903 2167 1956 Dominica
2202 1903 2357 1956 infra...

1396 1979 1612 2026 octavam
1631 1974 1725 2024 fieri
1746 2013 1760 2033 ,
1798 1977 1844 2027 <Si
1873 1981 2046 2046 primos
2068 1977 2113 2023 in
2134 1975 2357 2042 posseffio-

1398 2065 1454 2096 ne
1501 2046 1693 2098 faciendi
1739 2047 1908 2096 dietam
1949 2045 2358 2106 processionem,

1392 2123 1679 2174 manuteneri
1701 2120 1945 2173 mandatur
1961 2152 1975 2166 .

1391 2246 1933 2301 AcraRit.Congregatioad
1944 2245 2248 2301 componendas
2263 2260 2354 2288 con.

1423 2308 1640 2349 troversias
1669 2318 1782 2347 ortas
1808 2307 1916 2347 inter
1946 2309 2106 2348 Fratres
2135 2305 2356 2348 Striffitioris

1321 2361 1588 2407 observantiae
1604 2361 1936 2408 Reformatorum
1954 2363 2121 2407 Ordinis
2136 2367 2176 2417 8.>
2191 2364 2358 2404 Franci-

1328 2421 1381 2466 sci
1403 2423 1593 2466 Civitatis
1610 2421 1833 2466 Castroiiiti
1850 2437 1898 2463 ex
1917 2438 1993 2466 una
2009 2453 2024 2473 ,
2042 2424 2081 2463 δι
2096 2423 2259 2466 Fratres
2272 2425 2357 2463 Ca-

1330 2481 1495 2532 puc'inos
1509 2480 1688 2537 ejusdem
1704 2479 1994 2529 loci,Partibus
2009 2494 2058 2522 ex
2075 2479 2223 2530 altera,
2239 2476 2356 2532 super

1327 2538 1416 2593 jure
1451 2537 1625 2585 faciendi
1649 2536 2186 2586 solemnemProceffionem
2215 2540 2355 2582 §.An-

1327 2598 1425 2641 tonii
1447 2597 1500 2639 de
1519 2597 1651 2639 Padua
1667 2624 1680 2647 ,
1714 2595 1862 2638 eodem
1878 2598 1947 2640 die
1963 2592 2061 2641 festo
2083 2596 2262 2654 ejusdem
2276 2624 2290 2650 ,
2315 2598 2356 2637 &

1330 2654 1543 2699 deferendi
1570 2656 1678 2702 illius
1702 2655 1997 2699 simulachrum
2014 2657 2053 2700 in
2068 2670 2211 2700 eorum
2229 2656 2357 2700 Habi-

1331 2724 1372 2755 tu
1387 2744 1402 2765 ,
1424 2726 1598 2772 utraque
1615 2724 1730 2770 parte
1747 2714 1839 2758 hinc
1859 2714 1954 2757 inde
1970 2715 2209 2758 informante
2222 2743 2236 2766 ,
2259 2728 2356 2758 cen-

1335 2775 1405 2814 suit
1422 2774 1713 2820 Proceffionem
1729 2771 1806 2813 esse
1822 2772 2048 2821 faciendam
2063 2789 2134 2829 per
2148 2775 2297 2819 alteros
2312 2773 2354 2814 in

1331 2831 1399 2874 die
1415 2831 1680 2877 Festivitatis,
1714 2831 1753 2871 .&
1776 2844 1848 2882 pei·
1871 2831 2024 2877 alteros
2047 2834 2087 2875 in
2106 2833 2355 2876 Dominicis..

1335 2889 1437 2933 infra
1451 2894 1635 2934 octavam
1651 2918 1664 2940 ,
1678 2890 1715 2934 δ’
1733 2890 1879 2942 primos
1897 2890 1936 2936 in
1953 2890 2184 2947 poss'effione
2201 2890 2354 2932 facien-

1333 2946 1373 2988 di
1399 2948 1542 2990 dietam
1572 2947 1865 2994 processionem
1891 2946 1970 2992 effe
1995 2948 2317 2995 manutenendos
2339 2960 2355 2999 3

1334 3007 1371 3047 &
1392 3006 1446 3048 ita
1461 3006 1687 3049 declaravit
1703 3033 1715 3054 a
1747 3004 2182 3055 &servarimandavit.
2215 3009 2355 3048 Roma:

1334 3066 1408 3113 hac
1427 3066 1495 3113 die
1517 3065 1690 3122 17·Junii
1711 3067 1833 3117 1673.

1333 3212 1588 3282 TA,

254 3364 430 3451 STante
447 3362 639 3421 hujusmodi
655 3362 807 3400 Decreta
821 3363 907 3401 RR.
923 3366 994 3403 PP-
1011 3365 1200 3424 Reform-ati
1216 3379 1283 3404 non
1299 3368 1446 3426 amplius
1469 3367 1560 3405 diem
1574 3366 1794 3426 Procelljonis
1815 3367 2002 3407 turbabant
2015 3393 2029 3417 ,
2046 3370 2109 3428 ‘sed
2130 3377 2269 3408 econtra
2280 3371 2354 3427 l-la·

335 3414 445 3448 bitum
459 3412 695 3458 Capucmum,
718 3424 790 3459 quo
816 3415 936 3450 Statua
967 3415 1015 3449 D.
1031 3418 1170 3451 Antonii
1194 3417 1280 3454 tecta
1304 3428 1338 3452 in
1364 3417 1575 3455 Proceffione
1587 3418 1655 3457 &c.
1679 3414 1974 3452 circumferebatur
1997 3443 2011 3463 ‚
2045 3421 2277 3468 impetebant,
2299 3429 2349 3455 ita.

253 3473 292 3500 ut
307 3464 436 3500 Fratres
460 3460 572 3497 denuo
595 3460 640 3496 ad
661 3460 699 3498 S.
715 3462 790 3498 th.
803 3462 1125 3508 Congregationetn
1152 3475 1324 3504 recurrere
1335 3465 1525 3511 oportuerit
1542 3467 1679 3503 Libello
1700 3464 1845 3511 supplici
1865 3464 2022 3513 sequente
2037 3492 2048 3504 .

784 3595 1104 3662 Eminentiffi'mi
1139 3614 1187 3645 ac
1215 3595 1598 3662 ‘Reverendiffimi
1624 3601 1838 3650 Domini.

355 3722 494 3762 Fratres
513 3724 686 3772 Capacim·
714 3723 887 3762 Civitatis
916 3722 1103 3772 Castroniti
1131 3724 1196 3772 seu
1223 3721 1449 3772 castellonem
1478 3724 1552 3761 EE.
1575 3722 1661 3763 W.
1686 3723 1875 3767 humillimi?
1901 3737 2072 3778 exponunt
2095 3755 2107 3774 ,
2139 3731 2289 3779 qualiter
2313 3732 2357 3767 ab

255 3786 345 3814 anno
367 3775 468 3821 1636.
495 3776 518 3809 ᾶ
539 3782 613 3812 tota
637 3774 795 3812 civitate
816 3774 856 3809 in
881 3771 1108 3812 protectorem
1129 3773 1208 3822 fuir
1231 3771 1350 3810 elefilus
1368 3773 1543 3823 gloriosus
1570 3775 1613 3817 ὠ·
1638 3775 1783 3814 Sanetus
1817 3779 1999 3816 Antonius
2023 3777 2222 3818 Patavinus
2244 3781 2283 3814 in
2304 3791 2357 3825 εο-ι

2230 3838 2308 3864 rum
