2618 4108
886 218 1604 308 Panormitano.

173 341 311 396 ibique
335 333 458 395 usque
481 336 531 380 ad
547 335 747 380 Ordinem
764 334 1015 379 Diaconatfis
1030 341 1199 380 Promo-

173 410 238 442 tus
252 398 333 451 est3
366 399 609 455 impetravit
622 396 771 438 deinde
791 391 861 436 sub
874 395 982 437 diem
993 409 1061 439 22.
1076 399 1199 438 Οᾶο-

170 457 255 501 bris
277 468 397 513 1733.
423 458 573 500 nullam
594 459 618 500 a
641 454 763 498 Curia
785 453 1014 509 Episcopali
1033 458 1197 498 Catanae

168 515 371 559 declarari
387 517 493 559 suam
510 512 796 559 professionem
813 539 829 562 ‚
853 512 893 553 δι
908 513 1029 555 modo
1041 515 1194 568 degens

168 574 211 617 in
240 575 415 618 Dioecefi
441 572 712 630 Syracusana,
736 583 786 613 ex
809 584 885 625 qua
910 573 1093 628 orignem
1110 584 1196 615 tra-

168 633 232 676 hit
251 661 266 685 ‚
296 633 345 677 ad
375 635 707 689 Presbyter-atum
732 641 904 683 cuperet
931 633 1195 688 promoveri,

168 692 328 736 tametsi
352 693 557 748 integrum
577 690 685 748 juxta
701 696 838 730 taxam
848 691 1095 744 Synodalem
1121 691 1197 733 sua:

169 751 371 795 Dioecefis
386 766 465 794 non
480 749 661 793 obtineat
678 748 993 792 Patrimonium.

226 810 433 868 Georgius
458 808 637 852 Orecchi
664 803 862 848 Professus
894 808 1016 865 usque
1046 808 1096 851 ab
1124 821 1196 850 an-

167 881 278 920 not7
289 880 352 918 15.
366 866 847 911 inOrdineEi-emitarum
861 867 1110 924 S-Augustini
1124 864 1196 909 sub

166 928 331 973 nomine
355 926 568 969 Micha'e'lis
584 924 732 981 Angeli
749 922 985 971 sententiam
1015 940 1088 982 pro
1109 926 1194 968 nul.

165 985 285 1031 litate
310 983 382 1028 suae
399 983 654 1028 Profeffionis
678 984 856 1028 obtinuit
872 986 940 1029 die
962 1001 1000 1042 3.
1015 984 1192 1027 Februa·-

169 1045 219 1090 rii
242 1058 360 1103 ¹739·
387 1045 438 1087 ab
469 1042 698 1100 episcopali
714 1046 839 1088 Curia
853 1042 1095 1093 Catanensi,
1124 1046 1193 1085 Pa-

166 1106 363 1148 trimonio
387 1111 523 1145 autem
554 1116 635 1145 non
663 1102 817 1152 minus,
847 1106 964 1159 quam
992 1099 1191 1144 beneficio

166 1175 313 1206 carens
326 1160 558 1204 facultatem
574 1170 718 1203 exorat
729 1161 965 1206 celebrandi
979 1161 1018 1202 in
1031 1157 1187 1216 Diecefi

166 1218 416 1277 Syracusana
431 1219 501 1262 suo
515 1219 653 1261 Patrio
668 1216 751 1260 solo
767 1248 779 1260 .

225 1277 350 1320 lulius
374 1278 429 1320 de
451 1277 602 1319 Geraci
639 1277 678 1316 in
697 1276 854 1319 Ordine
882 1276 1190 1333 Capucinorum

164 1334 320 1395 jamdiu
344 1332 544 1379 Professus
572 1333 642 1375 {ub
662 1333 823 1377 initium
844 1338 934 1379 anni
955 1348 1073 1392 1739.
1102 1334 1191 1378 sen-

163 1395 337 1439 tentiam
359 1395 383 1437 a
397 1394 521 1436 Curia
549 1392 774 1448 Epistopali
797 1394 1096 1452 Cephaludensi
1111 1395 1192 1438 una

163 1467 257 1499 cum
294 1452 513 1507 Super-iore
552 1450 751 1506 Regulari
790 1453 846 1495 est
893 1453 1087 1498 assecutus
1127 1452 1191 1494 su-

162 1526 238 1570 per
281 1510 471 1553 nullitate
503 1509 574 1552 suae
604 1508 859 1555 Profeffionis
891 1527 903 1552 ε
947 1515 1190 1568 Integrurn„

163 1580 302 1615 autem
316 1569 612 1614 Patrimonium
627 1567 697 1612 fibi
712 1570 899 1616 constitui
913 1585 992 1614 non
1008 1570 1116 1627 posse
1131 1568 1191 1611 fa-

164 1638 297 1674 tetur.

225 1687 430 1732 Xaverius
447 1687 625 1734 Siciliani
640 1690 692 1734 de
706 1688 914 1734 Mazarino
927 1689 947 1733 a
961 1688 1096 1732 multo
1109 1687 1189 1745 jam

166 1754 354 1803 tempore
382 1747 640 1803 Religionem
672 1748 893 1792 §tristioris
916 1748 1191 1792 Observantiae

166 1810 211 1851 S.
230 1805 425 1849 Francisci
448 1806 488 1848 in
503 1809 723 1851 Conventu
745 1807 998 1862 Syracusanae
1015 1805 1191 1864 Diecefis

165 1862 370 1910 Professus
383 1863 621 1909 facultatem
636 1880 767 1922 nuper
786 1866 965 1908 obtinuit
979 1866 1192 1908 dimitten-

164 1923 208 1966 di
225 1922 420 1964 Habitum
437 1925 684 1977 Regularem
698 1924 748 1966 ab
757 1924 975 1965 Ordinatio
988 1927 1190 1966 Catanen·

169 1983 198 2024 fi
222 2010 238 2032 ,
275 1980 317 2022 in
341 1979 453 2035 cujus
480 1980 681 2026 sententia
707 1980 808 2024 faeta
833 1977 908 2025 fuit
935 1982 994 2024 illi
1019 1982 1192 2037 potestas

163 2037 319 2085 Missam
337 2039 574 2084 celebrandi
601 2056 671 2098 per
686 2053 855 2098 quatuor
869 2039 1021 2084 menses
1037 2067 1052 2089 ·,
1077 2040 1196 2083 dum-

163 2095 290 2142 modo
304 2098 408 2141 intra
424 2098 516 2142 illos
541 2100 595 2143 de
616 2114 796 2156 congruo
812 2102 1098 2154 provideretur
1115 2104 1194 2145 Pa-

162 2156 358 2201 trimonio
370 2185 385 2208 ‚
406 2171 488 2213 quo
503 2168 640 2203 tamen
656 2161 844 2203 haetenus
859 2169 971 2203 caret
985 2188 997 2200 .

224 2216 346 2258 Vitus
376 2218 508 2258 Lerna
533 2218 572 2258 in
599 2219 759 2261 Ordine
784 2219 1093 2273 Capucinorum
1122 2229 1195 2258 an-

166 2289 220 2318 no
239 2285 356 2325 ¹722·
375 2271 574 2316 Professus
591 2277 612 2318 a
632 2274 874 2318 Definitorio
893 2279 1078 2318 Fratrum
1097 2277 1196 2317 Pro-

166 2333 310 2376 vinciae
337 2330 594 2386 syracusanae
621 2331 687 2375 sub
713 2333 824 2375 diem
849 2346 890 2388 4.
913 2335 1099 2377 Ouobris
1124 2347 1196 2374 an·

169 2391 210 2434 ni
235 2393 355 2446 1738.
380 2390 613 2435 declaratus
641 2389 717 2435 fuit
732 2391 905 2435 nulliter
923 2390 1120 2435 Professus
1144 2403 1195 2432 ex

170 2463 224 2493 eo
251 2478 264 2501 ‚
304 2448 409 2505 quod
438 2449 548 2491 luem
578 2464 795 2494 veneream
813 2479 825 2502 ,
851 2465 929 2508 qua
962 2451 1196 2499 laborabat,

171 2516 359 2564 tempore
377 2506 655 2560 Profeffionis,
679 2510 870 2562 reticuit,
890 2508 1103 2551 sufficienti
1122 2511 1196 2551 Pa·

171 2566 370 2610 trimonio
396 2567 433 2607 in
463 2567 620 2623 Die-*esi
650 2567 922 2623 Syracusana,
948 2569 1019 2610 ubi
1046 2567 1162 2624 degit
1182 2592 1196 2615 2

171 2624 350 2683 provisus
371 2623 556 2668 asseritur
571 2655 583 2667 .

233 2682 435 2726 Antonius
458 2684 705 2728 Alesl'andria
726 2685 868 2728 itidem
887 2684 1066 2743 Diecefis
1082 2687 1200 2740 Syra-

173 2744 324 2786 cusanae
339 2771 352 2793 ,
376 2743 417 2783 δι
442 2745 482 2785 in
508 2743 666 2787 Ordine
682 2747 984 2800 Capucinorum
1004 2740 1200 2786 Professus

174 2800 496 2857 aSuperioribus
525 2800 704 2857 ejusdem
735 2803 958 2856 Religionis
984 2802 1201 2844 Ordinatio

173 2873 256 2904 non
288 2858 452 2908 audito,
476 2859 502 2901 ὂ
520 2860 715 2902 Claustris
746 2857 921 2903 dimissus
951 2859 1027 2903 fuit
1054 2859 1122 2902 die
1141 2874 1202 2902 ιι.

175 2918 426 2974 Septembris
442 2930 559 2972 1737.
591 2918 663 2961 sub
674 2920 845 2961 obtentu
870 2918 1069 2961 nullitatis
1085 2926 1204 2958 voto-

176 2991 266 3020 rum
281 2978 332 3019 ob
346 2975 591 3019 consimilem
608 2977 796 3020 morbum
810 2988 906 3019 aute
921 2975 1203 3019 Professionem

178 3035 229 3077 ab
253 3033 339 3090 ipso
359 3038 610 3077 contradium
635 3059 650 3082 ,
684 3048 804 3092 atque
834 3035 1012 3077 celatum
1035 3049 1048 3076 ε
1081 3036 1203 3076 Hunc

181 3103 314 3136 autem
328 3094 577 3136 Patrimonio
602 3096 762 3150 penitus
789 3094 1027 3137 destitutum
1043 3093 1204 3136 libellus

181 3149 264 3208 ipse
280 3149 367 3206 ejus
381 3153 544 3196 nomine
557 3157 763 3208 porreftus
782 3154 951 3196 exhibet
966 3183 978 3194 .

242 3211 395 3251 Praeter
429 3210 501 3251 hos
528 3211 732 3254 noviffime
760 3222 975 3267 accept-um
1000 3210 1055 3254 est
1078 3239 1092 3262 ‚
1122 3219 1206 3250 tres

183 3266 285 3310 alios
298 3266 539 3310 Sacerdotes
555 3294 569 3316 a
595 3270 783 3313 nimirum
809 3270 1056 3314 Michaelem
1071 3272 1209 3322 Ange-

184 3325 269 3369 lum
283 3326 302 3367 εὶ
318 3325 482 3368 Modica
494 3354 508 3378 ‚
533 3329 571 3368 &
585 3327 834 3384 Celestinum
849 3329 1001 3383 pariter
1014 3329 1036 3369 ὰ
1050 3327 1211 3370 Modica

184 3390 418 3428 Germanos
458 3388 621 3428 Fratres
660 3386 880 3429 Provinciae
919 3386 1170 3442 Syracusanae
1193 3412 1208 3434 a

183 3456 342 3487 necnon
357 3444 612 3488 Antoniuma
629 3445 861 3487 Farzomina
876 3446 1095 3487 Provinciae
1104 3439 1208 3487 Mes.

183 3501 354 3545 fanensis
367 3501 519 3559 jamdiu
535 3502 731 3546 Profeffos
744 3502 783 3546 in
797 3503 954 3546 Ordine
974 3503 1206 3560 Capucino-

185 3574 274 3602 rum
294 3561 545 3616 Regularem
562 3563 759 3605 Habitum
785 3560 1007 3618 deposuisse
1032 3563 1069 3605 in
1087 3563 1205 3606 vim.)

184 3620 389 3662 sententia:
410 3621 459 3662 ab
488 3620 708 3664 Ordinatio
721 3620 938 3665 Catanensi
963 3619 1032 3664 sub
1059 3635 1206 3664 annum

186 3676 371 3733 proxime
385 3678 560 3734 elapsum
576 3681 756 3736 prolatae,
774 3694 848 3723 nec
863 3679 974 3723 aliud
988 3681 1207 3736 quidquam

186 3736 240 3777 de
265 3735 351 3790 ipsis
379 3737 569 3782 hac‘tenus
584 3740 761 3782 innotuit
779 3767 793 3790 ‚
815 3753 907 3783 cum
930 3739 1048 3782 nullae
1061 3751 1207 3796 preces

185 3796 505 3900 ‘omni‘mmlii‘f
518 3796 667 3843 fuerint
682 3797 812 3857 adhuc
827 3798 1032 3859 expofitae3

340 3866 410 3895 om·
490 3884 502 3897 ι

1316 341 1390 382 His
1413 353 1547 395 itaque
1563 336 1751 380 omnibus
1776 337 1940 382 mature
1955 332 2190 394 perpenliS‚
2213 343 2292 384 uns‘a'

1257 412 1348 441 cum
1377 397 1527 454 juribus
1551 396 1668 440 facile
1686 396 1938 452 proferendis
1966 401 1990 442 a
2010 399 2285 441 procuratore

1257 456 1445 513 Episcopi
1476 457 1709 501 Catanensis
1728 457 1791 502 de
1816 457 2091 513 propositione
2113 457 2281 512 praesen-

1255 517 1307 558 tis
1320 520 1459 559 Causae
1472 527 1708 571 opportuno
1724 527 1912 571 tempore
1929 518 2083 559 monito
2096 545 2110 566 ,
2127 518 2283 572 quippe

1256 576 1324 631 qui
1353 576 1390 616 in
1406 576 1502 617 actis
1527 573 1639 628 hujus
1658 577 1894 618 Secretariae
1907 602 1922 623 a
1936 590 1989 618 ne
2003 575 2227 632 quidquam
2241 578 2282 617 in

1256 633 1451 690 ejusmodi
1478 634 1670 687 negotio,
1698 635 2004 688 ipsoinaudito,
2030 637 2284 677 decernere-

1255 702 1347 742 tur,
1369 690 1676 733 adnotationem
1689 717 1704 738 a
1734 706 1820 746 quae
1838 695 1959 748 vulgo
1971 695 2190 736 dicitur:
2208 698 2284 735 Ni-

1254 749 1503 805 btltranseat
1517 764 1572 790 =
1588 747 1665 801 iam
1680 749 1832 791 dudum
1850 753 2033 806 apposuit
2049 778 2065 802 ,
2086 758 2283 809 rogantur

1256 806 1567 851 Eminentislimi
1584 809 1729 850 Patres
1756 810 2024 863 pronunciare
2037 837 2049 850 .

1311 927 1379 967 An
1403 951 1417 974 ,
1455 925 1503 973 θ’
1532 923 1715 980 quomode
1738 924 1802 983 stt
1826 923 2113 981 providendum
2137 927 2180 971 in
2217 938 2306 986 cag‘

1352 985 1411 1042 su
1421 983 1502 1033 &c-

1310 1100 1390 1144 Die
1418 1112 1486 1154 24.
1521 1099 1755 1156 Septembris
1787 1113 1907 1155 1740.
1949 1103 1989 1142 ὃ.
2020 1104 2283 1158 Congregatiu

1250 1161 1380 1203 Emin.
1399 1161 1543 1203 s.R.E.
1559 1161 1833 1203 Cardinalium
1863 1158 2028 1202 Concilii
2059 1161 2283 1202 Tridentini

1250 1222 1518 1275 Interpretum
1542 1220 1690 1277 censuit
1696 1219 1981 1276 providendum
1994 1218 2066 1277 effi
2071 1219 2193 1276 juxta
2210 1231 2286 1258 mo·

1249 1277 1340 1320 dum
1368 1279 1394 1320 d
1412 1279 1503 1320 Diio
1519 1281 1738 1322 Secretario
1751 1280 2021 1335 explicandum
2033 1308 2049 1332 ‚
2071 1277 2188 1338 fabio
2202 1290 2284 1332 ver,

1250 1336 1298 1379 bo
1315 1350 1401 1383 cum
1420 1336 1659 1397 Saanifflmo
1676 1366 1688 1380 .

1309 1455 1450 1499 Modus
1477 1464 1608 1499 autem
1635 1455 1716 1513 est,
1742 1454 2068 1513 quodsiribatur
2102 1454 2282 1512 Episcopo

1253 1514 1466 1560 Catanenli
1492 1543 1506 1566 a
1528 1516 1695 1574 aliisque
1723 1515 1954 1575 Praesiaettbus
1985 1519 2196 1557 Provinciae
2221 1517 2287 1555 si-

1252 1574 1349 1616 culae
1376 1574 1527 1615 nullum
1547 1574 1767 1633 Episcopum
1772 1576 1856 1634 sive
1871 1575 2130 1617 ordinarium
2146 1600 2160 1623 ,
2175 1576 2288 1613 inuu-

1252 1631 1334 1673 dt‘to
1347 1631 1552 1686 superiore
1571 1634 1758 1688 Regulam
1778 1635 1994 1681 Conventus
2007 1660 2022 1683 ,
2056 1633 2096 1674 in
2114 1627 2289 1688 quofuit

1249 1689 1381 1748 emtssa
1413 1688 1587 1748 Proftfflo
1603 1720 1619 1744 ,
1649 1705 1772 1747 neque
1800 1693 1924 1735 ullum
1943 1695 2191 1747 Superiorem
2217 1691 2287 1730 Re.

1242 1749 1423 1806 gularem
1436 1749 1734 1804 independenter
1756 1750 1805 1793 ab
1820 1751 1999 1808 Epssopo
2012 1781 2025 1800 ,
2042 1752 2101 1791 vel
2117 1749 2290 1792 Ordina-

1249 1811 1311 1850 rio
1333 1807 1531 1866 poffi‘steb
1544 1817 1661 1865 poena
1680 1811 1917 1863 privationis
1943 1808 2084 1864 officii,
2114 1809 2159 1855 θ’
2187 1804 2290 1847 vocis

1251 1865 1397 1908 aflivae
1414 1895 1429 1918 2
1455 1879 1501 1909 ac
1512 1866 1664 1925 paffivae
1688 1869 1769 1928 ipsb
1782 1868 1897 1929 fabio
1910 1868 2176 1917 incurrendo,
2193 1880 2293 1908 cau-

1238 1925 1312 1983 shs
1349 1925 1549 1968 nuditatis
1580 1925 1824 1986 Profissionis
1861 1929 2064 1985 agnoscere
2093 1955 2108 1978 ,
2133 1925 2210 1981 sed
2231 1937 2294 1965 ear

1254 1981 1490 2040 conjunbiim
1528 1984 1583 2026 ab
1608 1986 1743 2043 iisdem
1774 1987 1950 2043 Episiopo
1990 1988 2050 2028 vel
2080 1984 2296 2027 ordinario

1259 2043 1374 2092 Loci,
1395 2048 1451 2084 'ac
1483 2044 1692 2098 superiore
1723 2046 1916 2102 Regulari
1940 2045 2009 2102 effi
2036 2044 2293 2093 decidendas,

1239 2101 1329 2160 five
1358 2100 1608 2160 Profestionis
1633 2106 1864 2146 invaliditas
1887 2104 1913 2145 a*
1949 2100 2145 2159 Religiost's
2170 2129 2184 2152 ‚
2211 2101 2297 2152 live

1255 2159 1305 2203 ab
1331 2160 1415 2216 ipfit
1433 2162 1629 2217 Religione
1650 2178 1696 2205 ex
1709 2177 1937 2220 quocun-que
1951 2164 2078 2217 capite
2096 2170 2298 2216 propona-

1257 2229 1353 2262 tur:
1381 2219 1670 2275 restitutionem
1698 2223 1788 2265 vero
1813 2223 1855 2264 in
1886 2225 2086 2275 integrum
2112 2218 2298 2260 adversus

1256 2278 1407 2333 lapsum
1433 2278 1709 2334 Quinquennii
1724 2311 1743 2331 ,
1767 2281 1872 2336 quod
1901 2281 1926 2320 a*
1951 2281 2010 2320 die
2045 2278 2296 2331 Prosesuom‘s

1255 2336 1433 2377 decurrit
1460 2364 1474 2385 ‚
1500 2338 1657 2394 etiamsi
1670 2340 1954 2393 perduraverit
1986 2337 2100 2391 causa
2127 2339 2256 2377 metus
2282 2364 2297 2388 ‚

1256 2403 1327 2436 aut
1355 2395 1519 2449 aliquod
1541 2396 1654 2437 aliud
1676 2397 1994 2451 impedimentum
1999 2396 2138 2451 suerit
2162 2396 2218 2434 ad
2228 2407 2299 2434 νε-

1257 2453 1503 2494 clamandum
1525 2453 1802 2509 interjebium‚
1828 2454 1855 2495 a?
1876 2457 1915 2495 5.
1937 2454 2029 2494 sede
2055 2454 2208 2493 omnino
2222 2451 2300 2506 effe

1255 2511 1544 2564 impetrandam
1559 2510 1681 2567 juxta
1717 2517 1882 2554 Decreta
1906 2512 2006 2552 alies
2036 2510 2142 2551 edita
2167 2537 2179 2559 ‚
2215 2522 2299 2550 non

1258 2568 1432 2627 obstante
1477 2582 1706 2625 quacunque
1748 2574 1951 2613 contraria
1983 2571 2260 2626 consuetudine
2282 2594 2297 2616 ‚

1257 2632 1377 2670 etiam
1402 2626 1733 2682 immemorabili,
1761 2630 1808 2677 ὅ
1824 2626 1996 2686 quolibet
2017 2627 2300 2687 afflrtoprivi-

1257 2688 1380 2741 legio.
1407 2688 1612 2743 Religiofos
1640 2698 1771 2731 autem
1785 2715 1806 2738 2,
1833 2688 1876 2728 de
1900 2686 2038 2742 quibus
2054 2690 2220 2742 agitur,
2246 2684 2300 2737 ὠ,

1259 2758 1424 2800 quorum
1443 2747 1628 2803 Profesiio
1642 2745 1964 2804 contraformam
1990 2750 2030 2788 s.
2050 2742 2216 2788 Concilii
2230 2744 2297 2784 de-

1261 2804 1417 2845 clarata
1432 2801 1525 2860 fuit
1547 2804 1727 2846 invalida-
1742 2832 1756 2854 ,
1788 2808 1916 2846 teneri
1939 2805 2051 2847 intra
2077 2804 2295 2846 terminum

1261 2862 1372 2903 unius
1402 2865 1498 2903 anni
1519 2863 1713 2920 rqfitmere
1733 2862 1921 2905 Habitum
1935 2893 1949 2913 ,
1978 2861 2031 2912 &⁴
2055 2866 2109 2903 ad
2119 2861 2294 2918 claustra

1261 2919 1390 2961 redire
1402 2947 1417 2969 ,
1447 2929 1531 2961 tam
1537 2930 1613 2976 pro
1631 2919 1840 2963 obtinenda
1858 2922 1883 2962 a*
1910 2926 1950 2964 s.
1970 2921 2062 2962 Sede
2073 2919 2296 2974 restitutio-

1263 2990 1308 3019 ne
1327 2977 1370 3019 in
1386 2976 1611 3033 integrum,
1641 2989 1830 3035 quatenus
1854 2981 1925 3020 illa
1938 2980 2114 3033 indigeat
2134 3006 2147 3028 ,
2175 2978 2296 3031 qua‘m

1258 3045 1333 3090 pro
1357 3035 1594 3091 instituendo
1602 3037 1751 3095 judicio
1768 3066 1782 3086 ,
1796 3088 1798 3090 ‚
1801 3037 1974 3091 sir-vatis
1973 3036 2183 3093 servandis
2199 3037 2294 3090 ‚str-

1259 3103 1333 3148 per
1357 3095 1541 3137 nullitate
1549 3095 1641 3152 sim
1665 3093 1916 3152 Profeſst'onis.
1937 3123 1950 3145 ‚
1980 3103 2169 3148 quotenus
2193 3095 2296 3135 hanc

1268 3153 1390 3195 velint
1403 3153 1607 3196 deducere:
1632 3167 1748 3207 eoque
1761 3157 1928 3195 termino
1942 3151 2066 3206 elapso
2083 3181 2095 3202 ‚
2110 3152 2155 3207 st
2166 3166 2294 3196 notk,

1258 3220 1503 3267 paruerint,
1538 3211 1723 3254 habendos
1748 3211 1815 3269 effi
1838 3219 2028 3264 tanquam
2057 3211 2290 3267 Apostatas,

1273 3274 1323 3312 Et
1337 3269 1491 3311 tandem
1515 3271 1645 3325 quoad
1654 3270 1851 3313 licentiam
1876 3270 1929 3310 ab
1949 3268 2037 3323 ipsis
2043 3268 2214 3324 petitam
2234 3284 2295 3311 ce-

1268 3326 1475 3378 lebrandi,
1496 3329 1626 3384 firmd
1640 3340 1714 3384 pro
1739 3341 1843 3370 nunc
1871 3336 2045 3369 manente
2067 3342 2198 3371 eorum
2218 3329 2294 3382 sie·

1254 3385 1485 3443 sponsione,
1497 3386 1662 3444 fl’orfim
1677 3388 1843 3440 deinceps
1860 3385 2158 3440 providebitur,
2171 3387 2293 3443 juxta

1254 3444 1505 3500 singulorum
1513 3454 1644 3499 preces
1660 3444 2032 3504 &circumstantias
2047 3474 2058 3486 .
2092 3449 2200 3492 Hanc
2226 3459 2294 3488 ve-

1267 3502 1310 3544 ro=
1329 3502 1602 3558 resulutionem
1612 3503 1914 3560 stgnificandam
1935 3503 2004 3561 ff
2023 3507 2293 3547 Procuratori-

1265 3561 1333 3602 bus
1348 3562 1602 3604 Generalibus
1618 3564 1833 3614 ordinum,
1851 3566 1920 3617 qui
1934 3566 2155 3618 Superiores
2174 3567 2292 3606 Loca-

1266 3620 1317 3661 les
1330 3619 1375 3661 de
1387 3618 1460 3662 illa
1473 3629 1650 3662 moneant
1663 3647 1678 3670 a
1699 3621 1752 3673 ὠν
1779 3625 1819 3663 S.
1837 3623 2176 3676 Congregationem
2195 3622 2293 3665 de.)

1265 3682 1480 3721 executione
1494 3682 1696 3721 certiorem
1706 3680 1887 3722 reddant.
1919 3679 2120 3735 Fafla‘qne
2136 3683 2176 3720 dc
2183 3690 2291 3733 prae-

1267 3738 1388 3795 miſsis
1408 3747 1483 3792 per
1499 3737 1800 3795 infrafiriptum
1817 3737 2080 3781 secretarium
2103 3740 2291 3779 relatione

1269 3796 1515 3855 saniiisiimo
1527 3826 1544 3847 ,
1573 3795 1768 3840 sanffitas
1782 3801 1862 3841 Sua
1875 3797 2112 3855 ipraedJHam
2133 3800 2173 3837 S.
2192 3799 2289 3836 Con-

1524 3857 1560 3898 Y
1592 3867 1614 3897 2
2139 3868 2231 3902 gre-
