2664 4114
355 381 403 425 1⁴3
423 367 465 423 Be.
488 377 646 423 attenta
669 374 909 419 sufficienter
940 371 1058 428 super
1090 373 1290 427 praemiffis
1314 388 1383 416 re-

359 444 511 488 latione
528 436 735 493 praediffli,
752 435 844 475 Tibi
861 445 934 485 per
949 429 1162 486 praesentes
1191 434 1382 474 commit.

359 504 478 544 timus
500 499 538 538 &
556 495 781 538 mandamus
796 520 811 541 ,
840 500 884 531 ut
902 488 1261 530 Conservatorium
1284 504 1380 543 prae.

355 559 484 602 fatum
521 559 571 598 ad
595 549 828 595 clausuram
857 548 1098 589 auctoritate
1135 547 1280 589 Nostra
1316 562 1381 589 re-

357 619 496 671 digas,
523 609 755 665 legibusque
780 604 981 649 Clausurae
1008 604 1380 648 Sanstimonialium

357 676 467 733 juxta
494 675 707 712 Sacrorum
732 668 971 714 Canonum,
1002 678 1048 705 ac
1064 666 1176 707 Sacri
1199 664 1378 705 Concilii

359 726 588 775 Tridentini
615 727 889 766 Decretorum
904 750 918 771 2
945 737 991 767 ac
1006 722 1377 766 Constitutionum,

352 785 681 843 -Apostolicarum
710 780 1006 836 dispositionem
1032 779 1212 836 subijcias
1236 810 1247 821 .
1284 784 1376 823 Non

356 843 602 889 obstantibus
615 840 1009 891 constitutionibus,
1035 841 1075 881 δι
1102 839 1378 881 ordinationi-

354 906 428 947 bus
444 899 683 957 Apostolicis
696 929 711 951 ‚
737 900 979 955 coeterisque
991 898 1205 941 contrariis
1220 897 1378 953 quibus-

354 974 496 1016 cunq3.
525 961 673 1000 Datum
692 960 824 1013 Rome
836 958 941 1013 apud
955 959 1167 999 S.Petrum
1180 958 1388 998 subAnnu.

355 1021 399 1063 lo
416 1016 626 1063 Piscatoris
639 1018 704 1059 die
719 1030 810 1057 xxn.
827 1014 1067 1059 Decembris
1079 1025 1384 1056 Mbcxxxvm.

358 1075 627 1123 Pontificatus
650 1074 787 1119 Nostri
814 1078 935 1117 Anno.
964 1073 1076 1116 sexto
1101 1072 1262 1114 decimo
1279 1098 1293 1111 .

838 1196 897 1237 M.
915 1194 962 1234 A.
981 1190 1210 1234 Maraldus.

418 1317 478 1356 Ex
507 1316 599 1366 Reg.
628 1313 775 1363 Autog.
804 1308 922 1349 Arch.
949 1310 1090 1350 Secret-
1121 1310 1235 1350 Brev.
1252 1303 1381 1362 Apost.

471 1369 593 1427 menſs
615 1369 669 1418 ὠ·
691 1380 790 1409 anno
809 1366 936 1421 prad.
956 1365 1037 1423 fol.
1053 1377 1149 1418 402.

914 1503 1380 1517 —ffl

365 1507 707 1523 ——0—-—=

361 1604 523 1655 Libros
553 1600 841 1651 Bibliothecae
875 1598 1055 1648 Domfis
1090 1598 1325 1649 Venufinae
1354 1599 1380 1647 ὲ

426 1675 591 1739 Sylvio
611 1675 822 1721 Maranta
850 1671 1052 1739 legatOS,
1080 1668 1127 1719 ἃ
1158 1669 1253 1718 usui
1276 1675 1382 1718 Fra*-

423 1759 547 1793 trum
583 1760 673 1791 non
711 1756 837 1809 aptos
872 1739 1135 1798 vendendi,
1177 1738 1377 1806 aliosque

424 1814 602 1863 emendi
642 1811 902 1862 facultatem
943 1811 1139 1879 largitur
1162 1845 1179 1868 ,
1214 1811 1277 1858 ita
1313 1825 1377 1858 ta-

393 1907 395 1909 ·
422 1902 527 1932 men
546 1920 562 1942 ,
592 1895 642 1931 ut
667 1901 767 1950 pars
795 1895 1055 1949 emptorum
1082 1879 1377 1930 Bibliothecis

422 1951 601 2003 Barenfi
621 1989 637 2011 ,
668 1953 715 2003 δε
742 1956 872 2019 Nojae
904 1965 1210 2022 aggregetur.

381 2083 822 2135 ¹URBANUS
874 2082 1085 2131 PAPA
1134 2083 1329 2132 VIII.

538 2201 606 2242 Ad
622 2197 815 2257 futuram
846 2201 905 2241 rei
935 2199 1184 2242 memoriam.

500 2309 612 2360 Uper
642 2321 715 2361 pro
746 2316 860 2361 parte
892 2305 1043 2349 Dileffl
1078 2307 1168 2350 Filii
1204 2304 1374 2349 Ministri

505 2365 770 2409 Provincialis
787 2368 972 2408 Fratrum
988 2367 1155 2408 Ordinis
1172 2366 1376 2407 Minorum

349 2422 482 2466 sanai
499 2424 697 2465 Francisci
716 2424 1017 2477 Capucinorum
1038 2435 1375 2478 nuncupatorum,

348 2482 569 2523 Provincia:
585 2480 910 2531 Barenfis‚Nobis
926 2485 1146 2535 expolitum
1161 2481 1251 2529 fuit,
1265 2482 1374 2538 quod

351 2539 448 2581 alias
475 2539 677 2595 quondam
717 2539 865 2581 Silvius
898 2543 1086 2582 Maranta
1113 2543 1260 2584 Domui
1287 2543 1374 2582 Re—

355 2598 509 2651 gulari,
537 2599 604 2640 seu
620 2598 854 2640 Conventui
882 2599 1122 2640 eorumdem
1146 2601 1374 2643 fratrum-2

357 2657 547 2698 Venufin.
585 2671 701 2699 unam
726 2657 1021 2699 Bibliothecam
1048 2658 1244 2712 reliquit3
1274 2672 1374 2713 quo-

354 2713 463 2754 niam
498 2717 597 2758 vero
634 2716 773 2758 eadem
817 2718 971 2757 Domus
1018 2716 1230 2771 Regularis
1272 2730 1372 2758 non-

355 2771 473 2812 nullis
511 2772 620 2815 distae
657 2775 920 2817 Bibliotheca:
957 2774 1070 2815 libris
1107 2775 1169 2816 uti
1206 2774 1373 2829 nequit,

353 2842 429 2870 nec
457 2829 518 2870 illi
542 2844 589 2872 ea
617 2831 808 2874 librorum
829 2833 1032 2888 quantitas
1056 2830 1272 2875 necessaria
1287 2832 1373 2884 «τῆς

355 2886 484 2928 Nobis
512 2901 730 2943 propterea
759 2892 867 2933 idem
895 2891 1076 2933 Minister
1106 2891 1370 2934 Provincialis

355 2944 560 2987 humiliter
577 2949 786 3002 supplicari
812 2948 908 2992 fecit
924 2975 938 2996 a
960 2958 1006 2990 ut
1029 2949 1066 2991 in
1082 2949 1277 3003 praemiffis
1300 2963 1371 3003 op-

357 3003 531 3057 portune
554 3007 767 3059 providere
792 3009 847 3051 de
873 3007 1123 3061 benignitate
1138 3008 1371 3064 Apostolica

353 3061 613 3115 dignaremur
629 3092 640 3103 .

413 3123 496 3160 Nos
523 3121 644 3176 igitur
671 3121 856 3164 eumdem
885 3124 1108 3167 Ministrum
1139 3124 1372 3167 Provincia-

357 3175 436 3216 lem
455 3177 686 3232 specialibus
711 3179 939 3233 favoribus,
965 3185 1005 3224 &
1028 3182 1167 3237 gratiis
1185 3182 1370 3238 prosequi

357 3232 539 3297 volentes
564 3266 577 3287 ,
620 3241 656 3279 &
695 3240 718 3282 a
749 3240 949 3295 quibusvis
983 3242 1372 3283 excommunicatio-

357 3302 416 3329 ms
442 3293 515 3355 §cc-
546 3295 778 3347 censentes,
810 3299 1034 3355 hujusmodi
1067 3297 1368 3353 supplicationi-

356 3345 427 3385 bus
454 3349 659 3412 inclinati,
690 3356 868 3399 Ministro
890 3356 1135 3399 Provinciali
1157 3359 1366 3412 praedicto,

359 3403 397 3442 ὃ(
427 3404 711 3450 Diffinitoribus
742 3413 851 3456 dic‘tae
883 3415 1134 3464 Provinciae,
1164 3417 1271 3470 quod
1298 3417 1367 3471 ipfi

359 3459 414 3499 de
428 3460 616 3526 consensu
639 3466 800 3511 haeredis
817 3500 829 3522 ,
858 3473 1039 3529 ejusdem
1055 3473 1170 3515 Silvii
1194 3474 1366 3529 desuper

359 3517 529 3569 P‘aestsso
549 3547 562 3569 a
594 3521 660 3588 seu
679 3528 931 3581 >praestand0,
961 3532 1070 3574 dista:
1105 3531 1366 3574 Bibliothecae

358 3585 439 3639 ”⁰3¹
454 3576 690 3638 nssceff³r¹0⁸
706 3585 846 3633 vendis
861 3590 924 3630 vel
944 3590 1182 3642 permutari,
1194 3592 1233 3630 δε
1249 3592 1370 3644 alios,

357 3643 427 3685 (ΙΨ
448 3632 598 3684 unless
628 3638 667 3677 &
694 3641 894 3686 necessarii
918 3646 994 3693 elle
1022 3646 1207 3705 possunt,
1237 3649 1366 3693 libros

1162 335 1164 337 ,
1203 255 1717 345 Provincia

1441 377 1557 429 capi,
1583 374 1648 419 seu
1667 372 1775 423 emi,
1799 384 1872 413 nec
1889 382 1966 412 non
1984 367 2106 412 etiarn
2121 369 2285 413 illorum
2307 382 2465 427 partem
2490 395 2492 397 >

1441 435 1490 477 ad
1511 435 1737 482 Barenseni,
1753 433 1794 473 &
1811 433 1948 471 Terrae
1963 427 2077 483 Nojae
2093 432 2347 478 Conventus,
2364 430 2469 486 ejus-

1441 491 1532 534 dem
1549 491 1797 540 Provinciae,
1816 486 2029 531 transferri
2049 484 2180 529 facere
2198 487 2327 531 libere
2352 491 2391 530 δι
2416 489 2470 531 li-

1435 551 1520 592 'cite
1535 550 1675 605 poffint
1689 578 1704 599 ,
1736 550 1776 588 &
1802 548 1965 590 valeant
1980 574 1994 596 ,
2010 546 2239 599 Apollolica
2268 548 2468 590 Authori-

1440 618 1557 659 tate,
1582 619 1725 649 tenore
1753 605 2004 661 praefenttum
2028 604 2316 656 concedimus,
2340 607 2379 647 &
2405 606 2468 647 in-

1439 665 1674 720 dulgemus.
1699 668 1791 706 Non
1808 664 2054 705 obstantibus
2071 661 2249 717 ejusdem
2264 663 2380 705 Silvii
2396 677 2468 705 vo-

1440 725 1598 767 luntate
1625 749 1639 771 ,
1667 736 1788 776 quam
1823 723 1861 764 in
1879 749 1898 758 -
1926 724 1966 763 &
1992 720 2125 778 quoad
2153 719 2335 776 praemiffa
2361 721 2467 765 suffi-

1439 782 1599 824 cienter
1620 791 1939 831 commutamus,
1968 795 2012 822 ac
2026 809 2040 831 ‚
2064 789 2259 834 quatenus
2274 793 2373 834 opus
2391 780 2436 822 fit
2450 809 2466 833 ,

1430 838 1509 889 fel.
1529 853 1609 882 rec.
1641 838 1753 879 Pauli
1777 842 1860 891 11„
1885 842 1926 881 ἃ.
1949 839 2123 880 aliorum
2150 840 2467 886 Romanorum

1446 896 1686 941 Pontificum
1701 895 2036 940 Praedecefforum
2062 897 2311 948 nostrorum,
2339 897 2393 939 de
2408 910 2472 952 req

1445 957 1517 997 bus
1537 955 1722 998 Ecclefiae
1749 969 1827 997 non
1852 956 2102 1005 alienandis,
2125 954 2288 1011 aliisque
2305 955 2469 998 Consti-

1444 1013 1672 1056 tutionibus
1699 1015 1735 1053 δι
1763 1012 2094 1054 ordinationibus
2113 1015 2354 1068 Apostolicis
2374 1043 2391 1067 ‚
2410 1014 2470 1057 di-

1442 1072 1574 1126 cuque
1594 1070 1761 1111 Ordinis
1778 1099 1793 1120 ,
1825 1069 1948 1111 etiam
1974 1069 2229 1126 juramento,
2252 1074 2467 1116 confirma-

1442 1131 1556 1172 tione
1578 1128 1809 1184 Apostolica
1825 1156 1838 1179 ,
1871 1127 1936 1170 vel
1964 1129 2102 1182 quavis
2126 1126 2320 1172 firmitate
2345 1133 2469 1173 robo-

1441 1189 1536 1232 ratis
1574 1188 1729 1230 statutis
1759 1212 1772 1235 a
1803 1189 1843 1228 &
1870 1185 2255 1240 consuetudinibus,
2281 1189 2470 1232 coeteris-

1441 1261 1521 1304 que
1548 1246 1760 1289 contrariis
1785 1242 2111 1300 quibuscunque.
2144 1248 2295 1288 Datum
2326 1250 2466 1292 Roma:

1440 1308 1544 1360 apud
1573 1306 1756 1347 sanatam
1787 1304 1956 1346 Mariam
1983 1302 2184 1357 Maiorem
2211 1304 2280 1347 sub
2296 1307 2465 1351 Annulo

1442 1363 1652 1407 Piscatoris
1677 1363 1744 1403 die
1769 1377 1833 1404 xx.
1853 1362 2102 1416 Septembris
2126 1376 2284 1407 MDCXL
2295 1378 2328 1407 1.
2355 1367 2466 1417 Pon·¹

1441 1419 1619 1465 tificatus
1634 1420 1768 1464 Nostri
1796 1423 1918 1464 Anno
1945 1420 2105 1464 decimo
2131 1434 2265 1464 nono.

2026 1540 2087 1581 M.
2104 1539 2154 1580 A.
2171 1539 2378 1584 Maraldus
2393 1571 2406 1583 .

1499 1660 1558 1700 Ex
1580 1654 1735 1711 Regesto
1760 1653 1923 1699 Archiv}
1950 1658 2096 1699 Secrct.
2119 1656 2302 1699 Brevium
2328 1656 2462 1716 Apost.

1554 1714 1671 1769 menst
1697 1714 1744 1762 ἐς
1766 1729 1862 1758 anm
1880 1713 2003 1767 praed.
2025 1715 2106 1774 fol.
2126 1728 2162 1756 1.

1637 1943 2265 1993 DECRETO

1697 2065 1742 2115 S.
1771 2066 1968 2134 Congreg.
1995 2067 2174 2118 Rituum
2189 2103 2202 2117 .

1437 2203 1617 2250 Fratres
1665 2198 1892 2248 Putiniani
1929 2198 1973 2246 in
2003 2202 2107 2261 jure
2152 2194 2458 2264 praecedentiae

1505 2283 1659 2319 contra
1700 2272 1805 2317 RR.
1842 2271 1929 2318 PP.
1963 2266 2273 2318 Observantes
2305 2285 2461 2321 manu-

1507 2353 1746 2389 tenentur.

1505 2474 1807 2523 NULLIUS
1848 2479 1971 2522 SEU
2010 2479 2382 2524 BARENSIS.

1506 2600 1544 2639 N
1570 2591 1685 2640 causa
1709 2594 1876 2639 Nullius
1892 2621 1906 2643 ‚
1938 2595 2003 2636 seu
2023 2596 2201 2638 Barenfis
2227 2593 2462 2650 praeceden-'

1525 2656 1587 2697 tiae
1615 2659 1638 2699 a
1672 2656 1854 2697 Patribus
1881 2654 2103 2695 Minoribus
2138 2654 2458 2700 observantibus

1436 2716 1572 2756 Terrae
1613 2714 1825 2768 Putignani
1866 2722 2009 2753 contra
2052 2715 2193 2756 Patres
2225 2713 2457 2767 Capacinos

1433 2772 1611 2827 ejusdem
1639 2773 1739 2816 Loci
1764 2771 1862 2814 de-
1884 2772 1923 2812 &
1949 2770 2065 2825 super
2089 2771 2177 2826 jure
2201 2769 2460 2825 praecedendi

1433 2831 1473 2872 in
1500 2830 1817 2874 Proceffionibus
1834 2858 1848 2882 ,
1880 2828 2046 2884 aliisque
2068 2830 2220 2871 astibus
2256 2828 2458 2884 publicis,

1433 2894 1649 2932 Sacrorum
1682 2892 1850 2932 Rituum
1867 2887 2169 2944 Congregatio,
2194 2888 2456 2937 referente-2

1433 2948 1539 2990 Effio
1565 2949 1606 2988 δι
1633 2949 1740 2990 Rffio
1768 2947 1943 2991 Domino
1970 2946 2177 2989 Cardinali
2206 2947 2457 2998 Sacchetto,

1433 3020 1507 3049 nec
1524 3019 1605 3048 non
1627 3006 1712 3048 vifis
1737 3009 1774 3049 ὅ(
1800 3005 1948 3050 auditis
1972 3004 2125 3060 juribus
2148 3003 2242 3045 hinc
2268 3003 2364 3052 inde
2379 3004 2457 3047 de-

1429 3064 1559 3108 duciis
1577 3093 1591 3115 2
1621 3067 1661 3106 &
1691 3065 1874 3120 allegatis
1906 3064 1956 3104 ab
1985 3072 2154 3114 utraque
2180 3070 2299 3116 parte
2326 3061 2456 3105 insor-

1432 3133 1594 3172 mante,
1624 3124 1777 3166 censuit
1806 3120 2123 3163 manutenenms
2149 3117 2228 3161 else
2252 3119 2291 3162 in
2317 3117 2454 3174 posses.

1429 3184 1537 3224 fione
1563 3180 1813 3235 praecedendi
1843 3182 1984 3221 Patres
2010 3178 2242 3234 Capucinos
2260 3206 2274 3231 ,
2298 3179 2338 3219 ὃς
2366 3179 2453 3230 ita„

1431 3238 1645 3284 decrevit.
1676 3239 1757 3281 Die
1781 3249 1850 3287 25.
1877 3238 2084 3293 Septemb.
2107 3237 2230 3280 1688.

1710 3347 1838 3397 Card.
1877 3345 1981 3395 Cibo
2019 3345 2148 3414 Praefi

1895 3475 2071 3534 Casah'us
2102 3477 2246 3519 Secret-
2287 3520 2290 3522 ,

1488 3597 1562 3709 Ea}
1571 3595 1825 3693 blleg.85ecret.
1840 3596 1979 3649 Congr.
2000 3591 2119 3650 mergl?
2143 3589 2191 3639 θ’
2203 3591 2301 3635 anm·
2316 3586 2445 3645 pred.

1563 3668 1581 3693 o
1600 3679 1610 3692 .
1642 3666 1656 3696 1
1694 3666 1733 3707 3.

2216 3883 2373 3928 NOTA
