2716 4082
394 311 698 377 'xxxvlll

331 405 396 458 ’ἃί
415 442 431 465 ,
462 407 509 456 ὅ(
540 408 627 454 alia
655 404 729 453 die
756 397 872 451 infra
898 397 1115 447 offiiavam
1145 398 1192 447 in
1223 399 1376 448 Eccle-

334 477 402 528 fia
436 481 490 526 B.
519 476 657 543 Virg.
688 474 847 523 Mariae
878 467 991 517 della
1021 467 1150 520 Cava
1179 469 1376 520 celebra.

334 551 376 599 ri
418 546 582 595 debere
611 581 628 603 ,
673 540 1045 610 quaestuationem
1091 553 1248 589 autem
1295 538 1377 589 sub

337 619 531 667 nomine
564 615 675 664 dieti
707 610 862 663 Sanffl
893 610 1075 680 utrique
1107 612 1226 679 parti
1253 627 1382 660 com-

340 702 499 758 petere
533 683 757 733 sancitur.
1317 680 1381 730 ibi

414 763 617 807 Decreto
633 757 679 803 S.
698 756 938 823 Congreg.
957 750 1110 820 Episc.
1134 749 1182 803 ὅ(
1208 754 1379 822 Regul.

342 828 424 880 Ad
455 826 720 891 Superiores
755 826 941 873 Locales
982 824 1233 874 Provinciae
1267 827 1381 873 Ban-

341 898 450 947 nitis
480 930 495 953 ,
529 892 579 945 &
614 895 911 944 criminaliter
940 893 1160 961 inquisitis
1192 892 1380 960 asylum

338 966 593 1036 praebentes
620 1002 636 1026 ,
678 983 825 1035 poenae
864 965 974 1015 alias
1012 978 1173 1015 taxatae
1221 980 1381 1015 exten-

334 1039 538 1087 duntur.
1313 1034 1378 1084 ibi

406 1112 590 1158 Fratres
644 1107 690 1155 in
736 1103 1044 1156 Confeffarios
1099 1104 1375 1156 ordinarios

334 1180 622 1230 Monialium
652 1176 918 1226 Monasterii
943 1182 1002 1235 S.
1026 1179 1177 1227 Clarae
1204 1178 1377 1227 Civita-

347 1252 407 1300 tis
438 1247 681 1300 Rossanen.
709 1247 928 1314 deputare
952 1284 969 1306 ,
1016 1245 1378 1317 Archiepiscopo
1436 1270 1439 1273 ·

336 1320 401 1371 ibi
433 1320 665 1370 inhibetur
684 1354 697 1368 .
731 1317 918 1368 Clemens
942 1318 1069 1371 XII.
1316 1319 1380 1369 ibi

459 1463 862 1513 PROVINCIA
904 1465 952 1511 S.
992 1463 1254 1513 ANGELI

651 1533 729 1580 IN
766 1533 1028 1587 APULIA
1051 1566 1064 1581 .

407 1679 638 1746 Legatum
657 1675 781 1741 pium
799 1708 814 1731 ,
838 1674 950 1723 alias
972 1691 1056 1740 pro
1074 1670 1274 1741 expensis
1292 1675 1382 1722 Ca-

335 1748 471 1817 pituli
494 1745 793 1796 provincialis
818 1747 862 1793 in
884 1746 1094 1794 Civitate
1112 1741 1382 1795 AEserniensi

337 1817 599 1868 celebrandi
630 1814 907 1885 assignatum
927 1851 943 1872 ,
975 1818 1019 1864 in
1049 1816 1382 1883 reparationem

337 1888 521 1940 Domus
541 1923 556 1946 ,
588 1885 636 1938 ἃ
669 1885 882 1936 Ecclesiae
918 1886 980 1935 ibi
1007 1886 1216 1936 converti
1241 1884 1387 1934 indul-

1285 1974 1381 2004 100

335 1975 416 2031 get
435 1997 446 2009 .
487 1960 676 2009 Clemens
709 1955 842 2007 VIII.
874 1976 962 2006 cum
992 1974 1089 2005 nota
1108 1994 1121 2006 .

409 2036 595 2083 Sortem
630 2030 929 2097 principalem
965 2028 1143 2080 Censfis
1176 2029 1200 2076 a
1241 2044 1383 2095 quon·
1400 2045 1406 2064 ··

334 2101 444 2152 dam
475 2105 644 2151 Marco
678 2102 886 2149 Antonio
921 2104 1080 2150 Bruno
1114 2098 1381 2151 Confrater-

334 2175 470 2223 nitati
508 2168 787 2223 Sanffiffimi
820 2172 1049 2239 Corporis
1087 2170 1256 2221 Christi
1295 2173 1379 2220 Ve-

334 2241 512 2295 nafran.
552 2259 662 2292 cum
708 2259 845 2291 onere
886 2260 1045 2292 annuae
1081 2240 1380 2308 eleemosynae

338 2315 579 2366 Fratribus
618 2314 679 2363 ibi
721 2311 881 2362 dandae
918 2312 1064 2362 relisti
1089 2349 1104 2371 ‚
1144 2315 1189 2361 in
1220 2314 1379 2363 restau-

336 2388 567 2437 rationem
605 2381 767 2433 nostrae
813 2382 992 2434 Domfis
1033 2386 1212 2454 erogari
1255 2402 1380 2434 com·

333 2459 508 2509 mittit.
551 2455 705 2505 Paulus
748 2454 799 2504 V.
1285 2475 1374 2506 101

408 2532 464 2579 In
494 2524 698 2578 Ecclefia
726 2525 904 2576 Dormis
935 2531 983 2578 S.
1009 2527 1170 2578 Mariae
1197 2532 1382 2580 Gratia·

334 2618 440 2651 rum
472 2600 582 2649 Loci
615 2600 802 2667 Foggiae
830 2601 1134 2668 Privilegium
1163 2599 1218 2648 ab
1250 2603 1380 2650 Alta·

333 2674 374 2721 ri
415 2670 602 2721 Pietatis
630 2669 687 2718 ad
720 2671 885 2718 Altare
923 2672 1140 2719 Puritatis
1170 2670 1379 2721 transfer·

334 2743 377 2792 ri
410 2741 650 2790 concedit.
683 2739 814 2807 Greg.
846 2738 965 2791 XV.
998 2760 1085 2789 cum
1114 2757 1211 2788 nota
1232 2778 1244 2791 .
1315 2742 1379 2790 ibi

415 2816 623 2862 Decretos
646 2815 748 2860 Sac.
770 2815 1010 2880 Congreg.
1042 2811 1192 2880 Episc.
1218 2811 1266 2863 ὅτ
1290 2817 1376 2862 Re-

335 2884 436 2954 gul.
471 2882 657 2932 Ereffio
684 2899 816 2929 novae
846 2882 1024 2931 Dortt-i‘is
1053 2885 1097 2931 in
1122 2887 1245 2933 Loco
1275 2887 1374 2934 Gu-

336 2954 526 3075 glimari
555 2988 570 3011 ,
610 2953 971 3002 contradidiione
1018 2959 1125 3003 RR.
1157 2958 1243 3005 PP.
1273 2956 1373 3004 Ob-

361 3025 619 3075 ervantium
664 3021 1045 3075 Reformatorum
1077 3043 1167 3074 non
1199 3025 1377 3076 obstan-

337 3110 412 3155 te,
439 3095 738 3146 conceditur.
1277 3116 1369 3161 103

407 3166 614 3236 Epistola
642 3169 743 3216 Sac.
767 3169 1007 3238 Congreg.
1027 3166 1177 3236 Episc.
1204 3166 1252 3220 ὅ(
1281 3174 1369 3218 Re-

340 3239 441 3306 gul.
480 3236 744 3287 Prosecutio
783 3236 985 3288 fabricae
1025 3258 1151 3291 nova:
1193 3239 1375 3290 Domfis

341 3309 388 3357 in
412 3312 536 3358 Loco
554 3306 798 3359 Vestarum
820 3307 1048 3380 Episcopo
1074 3312 1136 3362 ibi
1162 3314 1375 3362 commit-

339 3378 457 3428 titur
476 3415 488 3427 .
1310 3383 1374 3433 ibi

415 3453 622 3499 Decreto
655 3453 703 3500 S.
733 3455 914 3521 Congr.
947 3451 1095 3522 Episc.
1122 3453 1170 3506 <Sc
1200 3457 1373 3525 Regul-

342 3518 533 3570 Rudera
562 3522 762 3588 Capellae
791 3527 838 3572 S.
872 3528 1064 3574 Antonii
1098 3528 1144 3574 in
1174 3528 1377 3578 eodem..

339 3592 447 3641 loco
474 3625 489 3647 ,
527 3592 779 3658 antiquitus
797 3593 853 3642 ad
875 3595 1121 3646 Ecclesiam
1147 3602 1374 3647 Reveren-

340 3660 512 3710 dorum
557 3664 644 3711 PP.
688 3665 1087 3717 Conventualium
1135 3667 1375 3737 spestantis

340 3731 579 3782 Fratribus
603 3749 686 3798 pro
709 3750 829 3782 nova
846 3735 1054 3788 Ecclefiae
1079 3735 1250 3789 fabrica
1273 3758 1378 3790 con·

341 3803 480 3862 cedi,
514 3802 563 3852 ὅ(
595 3804 639 3849 in
673 3802 758 3850 hac
797 3807 1037 3872 Capellam
1075 3808 1155 3859 sub
1195 3814 1379 3861 invoca-

341 3875 467 3926 tione
497 3870 700 3938 ejusdem
728 3876 778 3924 S.
808 3877 1006 3927 Antonii
1035 3881 1080 3929 in
1106 3883 1379 3953 recognitio:

920 277 998 368 E
1053 275 1542 368 L‘ENC
1591 278 1814 371 Hv
1875 276 1955 368 S.

1436 414 1541 448 nem
1569 401 1682 468 erigi
1715 399 2070 449 committitur.
2090 394 2187 447 >'cum
2214 395 2345 446 not'a':
2415 391 2483 444 ibi

1507 473 1719 519 Domum
1737 472 1782 519 in
1798 473 1946 520 Terra
1967 466 2126 515 Riccia
2144 469 2290 538 erigi,
2323 484 2376 516 ae
2401 464 2480 516 de-

1437 554 1565 589 creta
1595 537 1788 608 desuper
1815 551 2025 589 emanata
2058 539 2316 589 executioni
2342 538 2480 596 dari,

1441 612 1636 660 Vicario
1681 610 1952 678 Apostolico
1992 612 2310 659 Beneventano
2349 626 2478 659 com·

1440 681 1614 730 mittit.
1655 677 1918 730 Innocentius
1939 677 2036 731 XI.
2377 695 2477 743 104

1514 755 1716 800 Decreto
1748 755 1795 802 S.
1817 755 2055 821 Congreg.
2090 750 2288 798 Rituum
2314 751 2478 800 circa..

1443 820 1628 871 Festum
1643 857 1658 879 ,
1678 821 2006 889 procefl'ionem
2026 856 2042 880 ,
2059 820 2367 870 Tredecinam
2384 820 2478 871 ὅτε.

1441 894 1700 943 &Antonii
1714 893 1761 943 in
1777 893 1985 945 Civitate
2001 888 2243 942 Bovinenfi
2261 907 2477 961 peragen-

1436 962 1547 1022 dam
1575 998 1591 1020 ,
1627 962 1766 1013 dubia
1801 966 1827 1013 a
1872 967 1960 1014 PP.
1991 962 2390 1014 Conventualibus
2421 960 2475 1015 ὅτ

1442 1033 1678 1084 Fratribus
1695 1033 1856 1084 nostris
1871 1047 2001 1083 mota
2016 1031 2324 1084 resolvuntur.
2376 1047 2396 1084 ι’
2407 1051 2472 1098 05

1546 1176 1946 1228 PROVINCIA
1984 1176 2069 1225 BA
2082 1177 2321 1226 RENSIS
2342 1211 2357 1225 .

1512 1318 1790 1389 Fr.Jacobo—
1807 1317 1833 1368 a
1858 1316 2070 1368 Melficsto
2089 1352 2104 1375 ,
2134 1315 2283 1386 vulgo
2313 1317 2339 1365 a
2358 1284 2480 1365 Molss

1425 1391 1549 1461 ficta
1576 1390 1620 1440 se
1643 1388 1891 1461 Ragusiam
1921 1387 2129 1439 confe‘rre
2151 1423 2166 1445 ,
2195 1387 2345 1454 ibique
2363 1391 2483 1437 Ver·

1440 1463 1552 1513 bum
1570 1463 1658 1512 Dei
1685 1463 1730 1510 in
1749 1461 1975 1511 Adventu
1993 1497 2008 1518 ,
2036 1459 2084 1510 ὃς
2104 1456 2475 1528 Qadragefima

1440 1533 1687 1601 praedicare
1723 1533 1914 1582 mandat
1933 1568 1945 1582 .
1985 1531 2140 1582 Paulus
2159 1528 2255 1580 III.
2294 1548 2382 1580 cum
2408 1548 2480 1578 no-

1440 1619 1518 1653 ta.
2380 1617 2478 1661 107

1513 1673 1595 1725 Ad
1629 1673 1859 1725 instantias
1895 1670 2147 1727 Comitiffae
2185 1672 2242 1722 de
2275 1671 2475 1730 Rubeo,

1444 1743 1521 1794 seu
1551 1746 1688 1795 Ruvo
1722 1764 1805 1812 pro
1841 1744 2010 1795 fabrica
2043 1742 2226 1795 Domiis
2254 1742 2480 1795 Civitatis

1446 1816 1642 1867 Adrien.
1687 1816 1876 1867 celerius
1916 1814 2243 1867 absolvendam
2274 1849 2290 1872 ‚
2339 1827 2482 1864 mate-

1447 1889 1562 1937 riam
1597 1891 1733 1937 etiam
1773 1886 1910 1936 Festis
1945 1886 2103 1934 diebus
2148 1887 2381 1952 apportari
2415 1887 2482 1934 in·

1447 1959 1634 2027 dulget.
1669 1958 1897 2025 Gregorius
1916 1954 2068 2008 XIII.
2415 1954 2481 2005 ibi

1512 2029 1675 2079 Libros
1691 2065 1705 2087 ,
1721 2028 1770 2080 &
1785 2032 1950 2079 Icones
1967 2025 2148 2078 Domus
2169 2026 2482 2094 Monopolita·

1441 2118 1507 2151 nae
1522 2099 1614 2151 alio
1631 2098 1927 2169 transportari
1943 2098 2035 2151 &a
2055 2098 2136 2149 sub
2152 2094 2353 2148 censuris
2375 2114 2482 2164 pro·

1442 2172 1568 2222 hibet
1582 2208 1597 2230 ‚
1617 2190 1667 2221 ac
1687 2171 2042 2240 prohibitionem
2061 2167 2320 2235 hujusmodi
2339 2165 2478 2221 semel

1443 2246 1490 2294 in
1507 2261 1625 2294 anno
1660 2243 1708 2294 in
1739 2245 1874 2312 pleno
1894 2244 2117 2310 Capitulo
2135 2239 2359 2310 publicari
2376 2276 2391 2297 ,
2427 2239 2479 2292 ὃς

1443 2317 1565 2366 illius
1602 2316 1783 2382 copiam
1835 2328 1976 2382 portae
2018 2312 2311 2363 Bibliothecae
2347 2308 2479 2382 affigi

1442 2385 1660 2437 mandat.
1689 2384 1890 2437 Urbanus
1925 2382 2056 2443 VIIJ.
2377 2386 2476 2433 108

1514 2463 1768 2509 Decretum
1788 2459 1834 2506 S.
1854 2455 2245 2525 Congregationis
2270 2456 2469 2504 Rituum

1441 2547 1536 2599 quo
1556 2533 1731 2579 Fratres
1765 2528 1986 2577 Medunei
2019 2525 2101 2575 sub
2131 2529 2317 2593 propria
2350 2529 2478 2576 Cru-

1441 2621 1491 2652 ce
1515 2603 1558 2649 in
1579 2597 1932 2668 proceffionibus
1959 2599 2165 2646 incedere
2183 2595 2304 2663 posse
2323 2632 2340 2656 ‚
2370 2614 2478 2646 con·

1441 2689 1510 2723 tra
1535 2674 1664 2723 Cleri
1690 2669 2023 2739 oppositionem
2044 2666 2130 2717 fuit
2154 2666 2438 2717 declaratum
2457 2702 2475 2727 ,

1442 2743 1719 2811 Apostolicae
1757 2739 1984 2791 firmitatis
2015 2739 2181 2789 robore
2213 2736 2474 2789 confirmat.

1438 2817 1545 2865 idem
1568 2851 1579 2865 .
2375 2826 2477 2871 109

1508 2884 1920 2938 Conservationem
1949 2883 2366 2950 Capucinellarum
2384 2885 2475 2932 Lo·

1435 2961 1476 3008 ci
1493 2961 1758 3026 Aquaevivae
1773 2992 1789 3015 ,
1807 2956 1863 3006 ad
1883 2953 2160 3008 Clausuram
2178 2953 2326 3023 redigi
2350 2970 2477 3003 com-

1436 3031 1607 3080 mittit.
1645 3029 1782 3078 idem.
2408 3023 2476 3073 ibi

1509 3100 1670 3150 Libros
1705 3100 1996 3150 Bibliothecae
2027 3092 2203 3147 Domfis
2232 3091 2473 3146 Venufinae·

1433 3172 1459 3220 ὲ
1486 3173 1653 3239 Sylvio
1683 3174 1896 3219 Maranta
1925 3172 2098 3240 legatos
2117 3203 2131 3224 ,
2162 3167 2210 3217 ὅ(
2237 3164 2335 3216 usui
2371 3170 2474 3216 Fra·

1438 3258 1566 3293 trum
1620 3259 1710 3291 non
1749 3256 1878 3309 aptos
1917 3239 2188 3296 vendendi,
2239 3235 2473 3304 aliosque..

1437 3312 1614 3365 emendi
1644 3310 1912 3362 facultatem
1941 3313 2137 3380 largitur
2155 3345 2169 3367 ,
2196 3311 2257 3358 ita
2283 3324 2436 3359 tamen
2455 3346 2472 3371 ,

1437 3401 1490 3436 ut
1518 3403 1618 3452 pars
1646 3398 1910 3451 emptorum
1940 3382 2235 3433 Bibliothecis
2259 3380 2472 3441 Barenfi,

1436 3456 1485 3510 δι
1514 3459 1643 3521 Nojae
1676 3469 1956 3525 aggregetur
1976 3489 1989 3503 .
2019 3454 2158 3503 idem.
2372 3470 2468 3502 110

1507 3531 1709 3577 Decreto
1742 3531 1888 3577 Sacrae
1916 3529 2206 3595 Congregat.
2236 3524 2437 3574 Rituum
2455 3556 2470 3574 .

1436 3602 1616 3649 Fratres
1660 3599 1889 3649 Putiniani
1930 3600 1976 3646 in
2019 3601 2122 3661 jure
2165 3594 2471 3662 praecedentiae

1435 3685 1596 3720 contra
1638 3673 1746 3721 RR.
1782 3672 1871 3721 PP.
1903 3667 2215 3720 Observantes
2259 3683 2471 3720 manute-

1438 3757 1630 3792 nentur.
1661 3760 1750 3790 cum
1776 3756 1902 3789 nota.
2405 3740 2473 3792 ibi

1510 3818 1711 3864 Decreto
1739 3816 1787 3862 S.
1818 3811 2207 3884 Congregationis
2237 3812 2467 3863 Rituum.

1438 3883 1625 3936 Festum
1655 3888 1704 3937 S.
1724 3885 1919 3936 Antonii
1942 3885 2152 3936 Patavini
2179 3882 2206 3931 ὲ
2234 3885 2470 3997 Ρταιὶἰρυε

2283 3958 2423 3999 nolus
