2618 4108
358 224 541 310 242
916 260 918 264 ,
1054 272 1056 275 .
1149 191 1712 302 Custodia.

288 313 439 360 Veneta:
463 316 481 361 (
496 316 582 352 hanc
598 312 691 356 enim
707 311 766 350 libi
782 312 912 357 elegit,
937 321 980 348 ne
993 311 1029 346 in
1041 309 1199 359 Januenst
1214 313 1247 351 8(
1264 312 1325 349 libi
1338 312 1452 355 nativa
1467 314 1650 353 Provincia
1662 337 1673 356 ,
1699 310 1850 350 vicinior
1875 309 2052 358 parentela
2074 312 2245 361 Spiritum
2271 313 2435 352 vocatio·

289 363 343 401 nis
357 367 514 400 turbaret
530 363 571 408 .)
598 364 680 398 dum
705 361 919 399 fridericum
934 385 948 405 ,
966 371 1071 408 quem
1085 363 1217 400 matura
1231 362 1358 397 virtute
1375 364 1561 408 pollentem
1581 373 1746 404 noverat,
1760 361 1996 400 incunctanter
2014 357 2186 402 vicentia
2200 364 2348 401 Ordinis
2365 365 2438 402 Ha·

289 412 365 449 bitu
380 411 585 460 induijuflit
600 435 610 447 .
639 411 903 448 Numerabatur
918 420 1025 446 annus
1039 409 1167 448 Christi
1181 410 1375 449 millesimus
1394 411 1654 449 sexcentelimus
1668 436 1679 454 ,
1709 422 1781 459 quo
1807 411 1875 447 haec
1895 409 2044 447 mutatio
2069 411 2216 448 dexterae
2238 412 2369 452 Excelst
2389 413 2437 450 se-

289 473 368 498 cuta
384 461 430 497 est
446 485 458 505 ,
483 464 518 498 &
536 472 608 508 quo
626 469 751 497 nomen
766 458 934 499 friderici
949 459 1156 496 conversum
1176 458 1244 497 suit
1262 460 1296 495 in
1311 459 1617 508 illudsi-iyacinthi.
1647 459 1821 499 Tenerior
1840 459 1995 506 corporis
2015 459 2216 497 constitutio
2237 471 2308 498 non
2333 473 2432 510 pote.

290 521 339 545 rat
366 510 537 549 consueto
551 508 700 546 Ordinis
714 509 824 555 rigori
850 507 910 545 diu
928 508 962 548 8(
976 508 1023 545 ita
1039 508 1183 545 refistere
1198 533 1212 553 ,
1237 509 1320 556 quin
1333 508 1519 555 subsequus
1536 509 1678 554 gravior
1701 510 1842 546 morbus
1861 533 1873 551 ,
1904 508 2060 547 Patribus
2083 509 2230 550 Familiae
2254 510 2373 549 invitis
2399 515 2435 547 8(

292 559 426 595 εἱΗίΕὶῐε
452 559 635 595 confilium
654 560 696 595 de
710 557 1362 611 Hyacinthodimittendoingeneraret
1377 582 1386 593 .
1412 557 1577 597 Tenuere
1593 558 1783 606 suspensam
1803 558 2048 595 executionem
2065 558 2270 595 serenissimi
2283 561 2435 598 Mantuae

295 608 406 645 Ducis
421 607 455 643 &
472 607 620 645 Duciffae
641 618 782 657 preces,
807 618 894 656 quas
908 607 950 645 ad
964 607 1078 644 locum
1095 606 1304 644 Novitiattis
1329 605 1444 644 missus
1476 606 1665 654 Episcopus
1680 609 1896 645 Mantuanus
1913 606 2106 644 franciscus
2120 609 2295 652 Gonzaga
2320 609 2435 657 perso-

290 657 357 693 nali
374 656 438 691 suo
456 656 655 705 patrocinio
667 657 819 694 reddidit
833 656 1045 695 efficaciores
1060 680 1073 699 ‚
1096 655 1145 694 ita
1157 657 1298 704 quidem
1315 683 1324 699 ‚
1340 666 1376 691 ut
1395 655 1640 702 probationem
1654 658 1696 692 ad
1716 657 1805 694 duos
1817 669 1927 694 annos
1944 657 2098 703 protrahi
2121 656 2221 693 fuerit
2239 656 2433 694 indultum.

292 706 440 742 Viribus
456 707 574 753 postea
593 705 722 745 Baffani
735 729 749 750 ,
770 706 832 742 ubi
844 706 1052 745 salubrioris
1064 707 1155 743 a‘c'ris
1167 706 1280 752 gratia
1308 705 1370 741 fuit
1383 705 1598 752 collocatus,
1623 706 1722 752 plene
1738 706 1943 753 recuperatis
1958 730 1970 749 ‚
2001 716 2088 741 anno
2107 707 2208 745 1602.
2233 705 2349 747 mense,
2374 707 2437 748 Pe·

295 754 471 792 bruariise
490 756 616 795 Deo&
635 757 681 792 D.
693 755 875 794 francisco
900 757 994 793 sacro
1014 754 1232 792 consecravit
1258 766 1368 794 voto,
1394 753 1454 791 'Ad
1472 752 1580 789 studia
1608 754 1752 791 Ordinis
1770 761 1950 802 promotus
1965 778 1977 798 ,
2000 754 2202 792 scientias&
2217 764 2330 800 artes,
2349 766 2438 805 quas

291 803 488 850 possidebat
505 827 518 848 ,
543 804 633 841 miro
650 802 828 853 progressu
843 805 877 841 &
891 804 1104 849 Theologici
1118 803 1234 842 Studii
1249 804 1374 839 unione
1396 801 1524 850 poliit3
1551 803 1585 838 8(
1603 815 1698 839 anno
1719 805 1818 841 1606.
1831 804 1865 839 in
1884 803 2048 849 Emporio
2061 802 2196 840 Veneto
2220 805 2436 851 provinciam

291 853 573 893 Concionatoris
594 853 923 900 quadragefimaiis,
940 853 1118 893 Diaconus
1128 851 1447 893 adhuc,inchoavit
1460 876 1470 887 .
1500 852 1663 888 Acriores
1673 854 1712 889 ea
1729 855 1926 899 tempestate
1945 854 2091 891 Paulum
2109 854 2178 889 ΡΡ.
2195 853 2241 889 V·
2268 854 2356 892 inter
2370 875 2380 880 -
2396 853 2434 891 3:

288 901 581 943 Aristocraticam
604 904 691 940 hanc
708 902 796 939 Divi
813 903 925 942 Marci
940 901 1130 940 Civitatem
1141 900 1324 940 fervebant
1336 900 1536 943 discordiae,
1553 901 1632 945 inde
1645 901 1748 945 ,dum
1763 901 1981 950 Hyacinthus
1994 902 2126 950 causam
2143 903 2245 940 Sedis
2259 904 2437 948 Apostoli·

293 962 341 987 cae
364 962 430 988 tam
453 964 513 988 ore
526 975 540 996 ,
566 954 669 1000 quam
692 953 824 989 calamo
834 953 1028 988 constanter
1044 951 1312 999 propugnabat,
1342 951 1360 986 ‘c
1380 942 1548 984 Dominio
1568 949 1805 997 egredijuss'us
1818 949 1863 985 est
1881 975 1891 986 .
1920 949 2053 988 Dolens
2070 951 2103 986 8(
2118 953 2270 995 gaudens
2291 950 2362 990 ibat
2391 951 2436 988 de

295 999 493 1047 conspeetu
516 1000 727 1042 serenissimi
744 1000 900 1038 Concilii
915 1002 948 1040 H
977 999 1133 1040 acinthus
1146 1012 1159 1041 3
1185 1000 1336 1043 dolens,
1361 998 1444 1034 dum
1467 999 1716 1035 Serenissimam
1738 998 2004 1045 Rempublicam
2024 999 2152 1036 Ordini
2177 1001 2434 1039 addifiiiffimam

291 1051 505 1095 cogitabam
533 1051 690 1095 gaudens
707 1050 792 1087 vero
805 1073 818 1093 ,
839 1048 921 1098 quia
963 1050 1065 1094 ignus
1089 1047 1226 1085 habitus
1237 1060 1314 1085 curn
1329 1047 1427 1091 aliis,
1460 1058 1524 1094 pro
1539 1048 1639 1084 Sedis
1657 1047 1842 1084 Pontificiae
1860 1046 2000 1095 juribus
2014 1047 2080 1094 pati
2095 1073 2104 1082 .
2135 1049 2355 1094 Magnanima
2370 1063 2436 1088 auc

290 1106 363 1135 tem
386 1099 456 1138 haec
471 1099 563 1136 afflo
574 1099 707 1144 ingeriit
721 1098 854 1136 summo
868 1096 1151 1137 Pontificialtiits
1164 1098 1198 1134 8(
1210 1099 1350 1143 dignius
1366 1098 1407 1132 de
1422 1097 1625 1144 Hyacinthe
1639 1097 1800 1133 sentiendi
1820 1096 2015 1141 cogitatum
2033 1109 2050 1135 ε»
2070 1097 2156 1133 inde
2168 1122 2180 1140 ,
2201 1109 2238 1134 ut
2252 1099 2432 1139 suceeffive

290 1145 392 1186 illum
406 1149 571 1186 formaret
586 1149 620 1184 in
638 1148 760 1184 Virum
775 1147 928 1185 Ecclesiae
939 1144 1144 1196 perfeRum,
1157 1148 1191 1186 in
1204 1146 1441 1187 Germaniam,
1456 1146 1630 1183 acerbiore
1643 1147 1838 1183 commixtae
1858 1145 2060 1190 Religionis
2075 1147 2431 1195 madiani-afletam,

221 1246 225 1249 ψ
293 1197 382 1236 Eum
399 1198 579 1243 ablegavit
596 1196 849 1235 Mifiionarium
863 1223 873 1234 .
903 1198 967 1234 Per
982 1197 1359 1241 trienn'iumintegrum
1385 1194 1477 1234 fu'cre
1492 1195 1539 1231 ibi
1555 1196 1763 1241 Evangelica
1780 1195 1894 1231 Verba
1911 1196 2191 1244 Hyacinthi,tum
2208 1197 2433 1247 quaflr'gnit3

288 1260 361 1295 quo
388 1247 423 1283 in
449 1248 601 1286 flammas
616 1250 619 1253 “
634 1246 776 1286 accenso
799 1270 813 1290 ,
850 1248 886 1282 in
916 1245 1072 1292 pluribus
1097 1245 1261 1282 haereseos
1287 1244 1443 1281 tenebras
1466 1243 1610 1290 dispulit
1631 1269 1644 1288 ‚
1666 1247 1845 1292 lucemque
1867 1244 1963 1280 Fidei
1990 1249 2021 1279 &
2043 1245 2196 1283 veritatis
2221 1246 2255 1283 in
2274 1258 2432 1286 eorum...

293 1297 464 1333 cordibus
478 1295 663 1338 accendit,
690 1306 764 1333 tum
776 1295 868 1344 quast
877 1293 1017 1333 malleus
1028 1304 1206 1332 conterens
1227 1300 1360 1341 petram
1374 1294 1600 1335 ,conterens
1626 1293 1836 1330 tenaciorem
1862 1303 2081 1340 peccatorum
2113 1295 2301 1343 duritiem,
2326 1295 2362 1332 ἔ(
2387 1307 2436 1347 οη

292 1357 333 1381 ea
350 1345 485 1384 Sanfiae
507 1344 723 1390 poenitentiae
735 1355 841 1391 aquas
856 1343 1017 1381 eliciens.
1050 1343 1246 1382 penetravit
1260 1343 1359 1379 zelus
1374 1341 1559 1389 Hyacinthi
1576 1342 1682 1391 usque
1714 1342 1756 1379 ad
1770 1341 1958 1379 Caesaream
1974 1341 2116 1381 Viennae
2129 1344 2256 1382 Aulam
2270 1369 2282 1388 ,
2304 1346 2365 1383 ubi
2378 1345 2432 1382 vi·

290 1394 407 1441 gentia
427 1396 517 1429 inter
535 1391 820 1437 Augussiflirnum
837 1391 1068 1441 Rudolphum
1087 1393 1132 1430 il.
1150 1393 1393 1439 imperatorem
1408 1413 1421 1434 ,
1447 1390 1481 1426 8(
1493 1391 1743 1428 Sereniffimum
1758 1391 1926 1428 Mathiam
1941 1392 2169 1430 Archiducem
2182 1417 2195 1437 ,
2222 1394 2355 1431 Fratres
2381 1394 2433 1432 sc-

290 1443 452 1481 cundum
467 1451 603 1480 carnem
616 1441 818 1479 Germanos
832 1464 845 1485 ‚
871 1441 913 1478 de
930 1450 966 1477 re
979 1440 1177 1479 Domestica
1201 1439 1331 1478 diffidis
1345 1463 1358 1483 ,
1384 1451 1459 1486 quae
1476 1439 1546 1486 jam
1567 1440 1610 1476 ad
1624 1440 1788 1477 militares
1799 1443 1970 1476 tumultus
1999 1452 2230 1480 excreverant
2246 1467 2259 1487 ‚
2284 1442 2432 1481 feliciter

294 1490 492 1540 composuit
507 1514 520 1533 ,
546 1490 808 1537 Caesaremque,
837 1500 875 1526 ut
900 1491 1088 1529 conceisam
1103 1489 1256 1530 sectariis
1272 1487 1497 1533 Pragenfibus
1513 1489 1675 1525 Eccleiias
1693 1489 1911 1526 construendi
1935 1488 2133 1529 facultatem
2151 1501 2329 1531 revocaret
2343 1516 2356 1540 ,
2382 1494 2432 1532 se·

298 1540 431 1588 fiatque
449 1538 616 1576 Ministris
628 1539 774 1577 exilium
789 1539 830 1576 de
844 1538 959 1584 Regia
970 1540 1129 1579 Civitate
1147 1539 1292 1577 distaret
1310 1563 1324 1582 ,
1345 1537 1540 1575 constanter
1553 1537 1717 1588 animayit
1731 1561 1742 1579 ,

397 1586 603 1635 Regress'um
616 1587 659 1626 ad
679 1597 794 1635 partes
810 1587 939 1629 italiae‚
958 1586 1156 1626 Ariminum
1181 1600 1270 1627 anno
1289 1590 1388 1634 ¹609·
1412 1587 1526 1623 Roma
1541 1586 1576 1627 8(
1591 1580 1731 1624 Verona
1743 1598 1833 1623 anno
1856 1587 1955 1625 1610.
1978 1589 2013 1625 &
2040 1587 2133 1626 an‘no
2153 1589 2214 1628 161
2227 1604 2256 1629 r.
2281 1591 2428 1631 Roma..

295 1639 421 1676 iterato
436 1662 448 1682 ‚
472 1637 638 1674 audivere
657 1636 893 1687 Hyacinthum
908 1660 921 1680 ,
932 1638 1098 1675 coeIestem
1115 1637 1296 1685 Evangelii
1310 1634 1500 1673 doctrinam
1519 1637 1793 1683 promulgantem
1813 1647 1822 1671 ε
1848 1637 1986 1684 excepit
2000 1639 2101 1675 illum
2116 1639 2150 1675 8(
2166 1641 2287 1677 eodem
2303 1642 2431 1678 ultimo

301 1700 394 1725 enno
406 1685 584 1736 Januenfis
603 1685 819 1734 Metropolis
841 1684 1064 1723 visitatorem
1086 1686 1143 1723 seu
1161 1686 1440 1724 Reformatorem
1458 1685 1684 1727 Motiiatium,
1706 1685 1913 1723 acardinali
1942 1687 2095 1724 Horatio
2122 1687 2266 1735 Spinula
2283 1689 2427 1728 Archio-

295 1736 354 1784 pis
354 1748 446 1783 copo
468 1736 667 1780 ablegatum
681 1760 692 1771 .
722 1734 862 1772 invenit
874 1735 907 1771 8(
927 1735 1142 1783 Hyacinthus
1153 1737 1280 1774 sacrum
1295 1737 1386 1772 hunc
1396 1734 1591 1771 soemineum
1610 1734 1731 1773 sexum
1744 1736 1945 1784 plerumque
1960 1736 2110 1773 docilem
2126 1760 2139 1781 ,
2178 1749 2280 1774 unam
2303 1738 2432 1777 ‹ht-n·

292 1785 561 1825 xatinduratam
574 1784 751 1831 stupuit&
766 1783 903 1821 doluit:
931 1784 1097 1828 tragicum
1123 1785 1227 1821 finem
1242 1810 1252 1826 ,
1278 1795 1383 1830 quem
1406 1785 1438 1820 ei
1464 1783 1623 1832 praedixit
1638 1808 1651 1829 ‚
1676 1784 1887 1822 verificatum
1916 1785 2107 1831 viderunt,
2130 1786 2277 1835 quieam
2301 1787 2429 1833 subita-

290 1836 358 1874 nea
371 1844 481 1872 morte
493 1835 669 1881 abreptam
685 1856 697 1875 ,
716 1832 874 1881 illiusque
890 1833 1036 1870 cadaver
1047 1833 1206 1870 carbonis
1219 1833 1367 1871 adinstar
1389 1833 1630 1872 decoloratum
1655 1833 1822 1871 invenere
1838 1860 1847 1871 .

389 1884 597 1929 Bergomum
621 1882 656 1918 &
674 1881 780 1920 Pavia
804 1893 895 1918 anno
915 1883 1018 1919 1612.
1038 1881 1133 1919 fuere
1147 1882 1236 1930 grati
1255 1880 1620 1930 Apostolicifruelfis,
1645 1895 1747 1932 quem
1761 1882 1808 1919 ibi
1825 1884 2041 1933 Hyacinthus
2053 1886 2270 1932 collegerat,
2298 1887 2398 1924 testes
2412 1911 2429 1932 ,

288 1934 340 1969 ita
363 1942 478 1974 autern
497 1943 588 1969 anno
603 1931 704 1976 1613.
727 1930 919 1967 Mediolani
939 1941 1057 1971 contra
1070 1931 1272 1979 graffantem
1285 1931 1452 1968 abusuum
1469 1932 1658 1969 colluviem
1674 1956 1688 1976 ‚
1711 1932 1958 1980 impunemque
1969 1934 2060 1981 quasi
2075 1936 2238 1980 peccandi
2253 1935 2425 1973 licentiam

287 1983 330 2017 de
347 1981 488 2029 pulpito
500 1981 670 2025 tonuit‚ut
682 1978 830 2018 frublum
843 1980 925 2016 inde
940 1990 1150 2027 reportatum
1166 1981 1562 2029 publicuscelebraverit
1580 1982 2053 2066 zpus,&lixcellentissimus
2067 1986 2204 2020 Senatus
2217 1984 2252 2021 in
2269 1985 2423 2022 tefferam

288 2031 355 2075 suae
380 2030 624 2075 gratitudinIS,
650 2038 764 2075 praeter
787 2028 896 2065 varias
910 2029 1118 2069 Sannorum
1135 2029 1342 2078 Reliquias,
1368 2029 1451 2069 alias
1470 2029 1512 2066 de
1535 2033 1573 2068 S.
1619 2032 1720 2067 arolo
1746 2031 1942 2067 Borromaeo
1956 2058 1965 2073 ,
1992 2044 2030 2069 ac
2046 2033 2216 2077 integrum
2233 2035 2394 2070 Linteum
2412 2061 2425 2078 ,

287 2081 390 2127 super
406 2090 477 2125 quo
502 2080 540 2116 S.
560 2076 847 2125 Archiepiscopus
861 2077 1009 2115 animam
1023 2078 1115 2117 suam
1128 2078 1206 2118 Deo
1220 2079 1382 2124 reddidit,
1398 2079 1597 2129 Hyacinthe
1614 2080 1708 2118 dono
1720 2080 1853 2116 dederit
1868 2093 1879 2117 t
1904 2081 2001 2129 quod
2022 2094 2111 2119 arcae
2135 2083 2294 2131 pretiosae
2309 2083 2423 2122 inelu-

295 2130 370 2167 sum
385 2152 398 2174 ,
411 2129 446 2164 in
469 2128 616 2165 Ecclesia
632 2128 773 2163 Parrum
787 2128 945 2163 Otatorii
958 2127 1127 2165 Civitatis
1147 2128 1340 2166 Casaleniis
1360 2129 1468 2165 cultui
1491 2129 1618 2177 exponi
1643 2129 1756 2168 voluit
1772 2153 1782 2164 .

391 2176 641 2214 Mediolanum
668 2176 748 2212 dum
779 2176 938 2212 laudibus
965 2177 1152 2226 Hyacinthi
1174 2179 1304 2214 resonat
1320 2202 1332 2222 ,
1362 2179 1477 2214 Roma
1502 2191 1580 2214 eum
1606 2177 1804 2215 Cardinalis
1835 2178 1957 2215 Caroli
1992 2178 2174 2224 Madrutii‚
2194 2179 2354 2230 Episcopi
2383 2182 2422 2219 8<

295 2225 472 2273 Principis
491 2225 700 2268 Tridentini,
715 2225 940 2263 Ratisbonam
956 2228 999 2261 ad
1015 2228 1231 2273 imperialem
1253 2227 1392 2265 Dietam
1401 2226 1545 2270 abituri,
1557 2227 1805 2264 Consultorem
1818 2229 1851 2264 &
1866 2229 2093 2274 Theologum
2112 2229 2279 2266 destinat.
2313 2231 2422 2268 Perti·

292 2275 424 2313 ‘nasius
438 2274 472 2312 in
490 2276 551 2312 hac
569 2274 761 2312 Unionistae
785 2276 804 2309 a
816 2275 962 2313 noviter
975 2275 1089 2311 eler
1107 2278 1314 2322 imperatore
1329 2277 1464 2313 Mathia
1486 2278 1680 2312 libertatern
1701 2276 1919 2315 conscientiae
1941 2279 2222 2324 praetendebant,
2246 2271 2430 2328 eamque-u*

295 2338 362 2364 ceu
378 2324 511 2363 unicam
529 2323 738 2361 stabiliendae
755 2323 845 2370 pacis
859 2323 992 2362 causam
1007 2325 1141 2363 sonoris
1155 2326 1367 2371 evulgabant
1385 2326 1538 2363 buccinis
1552 2351 1562 2361 .
1590 2326 1752 2365 Surrexit
1778 2337 1900 2363 contra
1912 2327 2022 2367 filios
2046 2329 2258 2365 tenebrarum
2272 2353 2286 2373 ,
2309 2330 2344 2370 8(
2359 2340 2427 2370 eoo„

295 2386 373 2412 rum
401 2373 501 2412 armis
524 2374 559 2410 &
575 2373 678 2410 minis
695 2371 866 2410 suffultam
880 2374 1109 2421 prudentiam,
1123 2375 1313 2422 Seraphico
1328 2375 1459 2422 Spiritu
1482 2376 1632 2411 munitus
1650 2376 1865 2424 Hyacinthus
1881 2400 1893 2419 ,
1917 2377 2203 2425 decantatamque
2231 2378 2423 2415 libertatem

293 2423 394 2461 aliud
410 2434 481 2461 non
495 2422 559 2459 esse
577 2419 761 2461 Eleftorali
775 2422 922 2460 Senatui
938 2423 1099 2469 probavit
1114 2447 1126 2467 ,
1149 2426 1250 2471 quim
1275 2423 1457 2471 speciosam
1471 2425 1619 2462 nominis
1636 2428 1765 2461 larvam
1777 2450 1790 2469 ,
1810 2425 1871 2462 sub
1883 2437 1951 2473 qua
1963 2428 2131 2464 malorum
2143 2427 2296 2463 omnium
2316 2428 2396 2474 ilias
2407 2450 2423 2472 ‚

294 2473 329 2509 8<
346 2469 538 2518 imperialis
553 2470 771 2519 Reipublicae
782 2469 932 2508 consufio
948 2471 1182 2511 contineretur
1197 2485 1205 2510 ε
1226 2473 1362 2510 servilia
1377 2473 1517 2510 vincula
1533 2475 1626 2511 Fidei
1643 2474 1838 2511 Catholicae
1858 2474 1964 2521 parari
1976 2476 2137 2513 clamavit
2154 2500 2167 2521 ,
2181 2475 2202 2511 fi
2219 2477 2326 2513 libero
2340 2479 2424 2512 edn-

291 2520 403 2559 fortio
419 2520 544 2559 setStam
562 2531 804 2568 quamcunque
821 2520 856 2555 in
873 2521 992 2559 eadem
1006 2521 1152 2566 regione
1165 2522 1196 2559 ei
1211 2522 1375 2570 conjungi
1389 2524 1617 2568 contingeret.
1633 2524 1917 2560 CertumDomsss
1930 2524 2026 2561 illius
2037 2526 2150 2563 casum
2165 2525 2422 2573 afferuit,quam

292 2572 412 2619 plures
437 2569 636 2607 dividerent
659 2568 778 2610 seflae,
807 2572 839 2604 &
867 2569 1003 2616 imperii
1026 2581 1228 2618 compagem
1252 2571 1395 2609 solutam
1419 2570 1564 2614 intulit,
1591 2572 1612 2607 fi
1627 2584 1808 2609 commune
1823 2573 2037 2621 liberumque
2052 2577 2088 2611 in
2104 2587 2147 2611 eo
2162 2575 2251 2611 foret
2263 2575 2423 2612 credendi

291 2619 475 2659 arbitrium
494 2644 504 2658 .
533 2618 651 2657 Minas
677 2617 944 2660 minisretundi
970 2617 1095 2663 suastt,
1117 2624 1149 2656 &
1174 2618 1283 2657 foedus
1306 2620 1377 2668 jam
1396 2621 1482 2656 olim
1507 2621 1528 2658 a
1554 2621 1644 2658 Ven.
1659 2622 1727 2658 Dei
1744 2622 1881 2665 Servo,
1908 2623 1961 2658 Fr.
1976 2624 2162 2660 Laurentio
2184 2626 2202 2660 a
2226 2622 2421 2660 Brundulio

291 2668 440 2707 Ordinis
457 2667 561 2705 nostri
572 2665 745 2704 Gener-ali
758 2689 770 2710 ,
784 2665 867 2702 &in
881 2666 1070 2703 Germania
1080 2667 1324 2704 Commifl‘atio
1339 2670 1545 2716 Apostolico
1558 2671 1833 2707 commendatum
1846 2699 1856 2712 ‚
1878 2673 2117 2717 imperatorem
2133 2673 2216 2709 inter
2232 2673 2266 2709 8(
2284 2673 2421 2718 Regem

290 2716 536 2766 Hispaniarum
550 2741 565 2760 ,
591 2716 768 2753 Eleftores
783 2715 816 2752 8(
840 2715 1014 2762 Principes
1028 2716 1224 2753 Germaniae
1237 2719 1441 2755 Catholicos
1453 2720 1519 2755 &c.
1538 2719 1656 2755 sanciri
1671 2743 1683 2761 ,
1707 2719 1923 2767 ejusdemque
1939 2721 2057 2768 Caput
2085 2722 2336 2760 Sereniffimum
2351 2723 2419 2760 Ba·

291 2765 396 2803 variae
414 2766 547 2804 Ducem
566 2763 734 2802 constitui
748 2787 760 2808 ,
787 2761 926 2800 tandem
952 2762 1084 2802 effecit.
1111 2765 1282 2802 foecunda
1297 2768 1362 2804 hoc
1376 2766 1526 2804 felicium
1540 2767 1746 2807 succeffuum
1773 2770 1836 2805 fuit
1851 2769 1981 2815 semper
1997 2771 2192 2816 scaturigo,
2217 2771 2343 2808 &ideo
2355 2781 2420 2807 aere

290 2815 458 2851 Romano
469 2837 483 2856 a
510 2826 549 2850 ΒΕ
568 2812 724 2861 Hispano
738 2811 879 2861 iarghel'
893 2811 1080 2851 suffultum.
1095 2814 1297 2854 officiosum
1311 2827 1423 2854 autern
1436 2817 1541 2853 causae
1554 2817 1698 2865 publica:
1713 2817 1857 2856 studium
1874 2818 2120 2867 multiplicavit
2131 2820 2313 2868 applausus
2327 2821 2423 2867 Hya-

294 2862 401 2901 cinthi
418 2890 428 2906 ,
452 2863 486 2899 &
501 2861 659 2901 affeEtum
676 2863 879 2899 ElefftoraliS
888 2862 1041 2898 Concilii
1057 2862 1089 2901 ei
1104 2864 1280 2902 reddidere
1297 2865 1580 2913 propeniiflimum
1592 2898 1600 2903 .
1628 2868 1744 2913 Hujus
1762 2879 1800 2903 ut
1817 2867 1980 2904 memoria
2010 2881 2218 2916 perennaret
2240 2870 2274 2905 in
2288 2869 2392 2903 muris
2408 2888 2422 2910 ,

295 2912 442 2950 Ordinis
457 2911 562 2949 nostri
575 2912 826 2953 Conventum,
851 2910 951 2958 cujus
963 2910 1192 2949 fundamentis
1204 2913 1348 2961 ipsemet
1363 2916 1551 2962 imperator
1568 2917 1606 2952 M
1612 2915 1731 2959 athias,
1750 2917 1944 2964 Principum
1959 2920 2089 2957 corona
2103 2918 2259 2964 stipatus,
2274 2917 2420 2963 primum

295 2961 415 3010 injecit
441 2960 588 3008 lapidem
602 2983 613 3003 ,
640 2960 676 2996 in
699 2960 773 3007 ipsa
784 2960 947 2999 Civitatc
964 2961 1207 2998 Ratisbonenfi
1229 2964 1378 3000 construi
1391 2964 1483 3012 juffit
1499 2989 1512 3008 ,
1532 2966 1616 3014 quin
1635 2966 1796 3001 audacior
1810 2966 1954 3002 Civium
1976 2990 1989 3009 ,
2017 2966 2220 3012 potiffimum
2243 2965 2419 3002 haeretico-

291 3021 367 3046 runt
381 3035 395 3054 ,
408 3009 585 3057 oppofitio
601 3009 750 3056 potuerit
765 3020 897 3057 ponere
917 3009 1131 3048 obstaculum
1142 3034 1153 3048 .
1167 3012 1240 3058 lpse
1255 3014 1340 3049 vero
1355 3012 1576 3062 Hyacinthus
1589 3025 1625 3051 ut
1638 3015 1680 3050 de
1697 3014 1898 3051 Serenislimi
1914 3015 2042 3052 Coetus
2058 3026 2172 3050 amore
2191 3015 2325 3062 plenius
2338 3026 2420 3051 con-

294 3059 488 3097 vinceretur
501 3082 514 3103 ,
541 3059 672 3105 accepit
701 3058 745 3096 ab
760 3070 803 3097 eo
818 3082 832 3103 ,
844 3058 933 3096 dona
945 3058 979 3097 &
993 3059 1098 3104 genio
1112 3072 1152 3095 ac
1169 3060 1268 3098 statui
1283 3061 1343 3099 suo
1363 3064 1501 3111 propria
1516 3075 1529 3104 ς
1542 3064 1671 3111 accepit
1684 3063 1726 3099 ab
1736 3063 1987 3107 Augustiffimo·
1999 3065 2213 3110 imperatore
2239 3065 2276 3101 S.
2291 3064 2419 3101 Crucis

300 3107 505 3155 particulam
519 3133 533 3152 ,
558 3107 758 3158 Chrystallo
769 3107 954 3151 inclusam,
979 3109 1013 3147 8(
1027 3110 1047 3144 a
1061 3109 1211 3157 quodam
1227 3111 1358 3147 summo
1374 3111 1541 3150 Pontifice
1559 3112 1690 3147 Domui
1705 3111 1892 3149 Austriacae
1904 3111 1938 3146 in
1956 3110 2084 3147 donum
2100 3112 2229 3148 missam
2246 3125 2259 3153 3
2284 3113 2328 3148 ab
2342 3115 2421 3151 Au.

295 3157 478 3200 gustifiima
495 3156 714 3204 imperatrice
727 3158 828 3194 Anna
841 3156 1027 3195 Catharina
1039 3157 1131 3196 inter
1146 3158 1229 3195 alias
1241 3161 1365 3199 Sacras
1375 3160 1732 3207 Reliquias,infignem
1742 3159 1820 3196 offis
1837 3170 1966 3205 partem
1981 3161 2023 3196 de
2039 3163 2239 3199 S.Antonio
2252 3162 2390 3199 Abbate
2406 3189 2419 3200 .

296 3206 390 3242 lutet·
417 3206 562 3243 aliorum
588 3214 704 3243 autem
727 3205 922 3254 Principum
949 3205 1040 3246 sacra
1065 3208 1180 3251 dona,
1206 3208 1363 3245 enituere
1387 3209 1567 3253 praesertim
1594 3210 1654 3245 illa
1672 3233 1686 3253 ‚
1711 3220 1786 3255 qua:
1798 3208 1963 3245 industrio
1979 3210 2104 3248 selefilu
2122 3211 2331 3248 Serenissima
2346 3213 2420 3248 Do-

293 3263 370 3289 mus
389 3254 540 3291 Bavariae
560 3254 734 3292 contulit.
760 3255 884 3302 Vagus
897 3255 940 3290 de
952 3255 993 3296 iis
1008 3279 1020 3299 ,
1046 3267 1120 3304 quae
1135 3257 1351 3306 Hyacinthus
1363 3257 1397 3295 in
1413 3259 1518 3295 Dicta
1539 3257 1661 3303 geffir,
1686 3268 1746 3304 per
1770 3258 1932 3302 regiones
1946 3259 1980 3295 8(
2001 3270 2105 3304 regna
2128 3271 2247 3296 rumor
2271 3260 2419 3297 armavit

300 3301 335 3335 8(
353 3301 607 3340 Haereticorum
621 3304 656 3340 8(
670 3303 897 3341 Politicorum
912 3303 1048 3348 linguas
1068 3304 1104 3340 in
1119 3305 1252 3352 sagittas
1267 3330 1281 3350 ,
1304 3306 1430 3354 quibus
1453 3308 1496 3347 ab
1508 3306 1623 3343 infidia
1645 3306 1730 3346 culis
1746 3307 1904 3345 cominus
1922 3311 1957 3344 &
1973 3311 2108 3347 eminus
2128 3309 2250 3347 samam
2266 3308 2419 3358 Hyacin-

295 3349 346 3383 thi
362 3348 571 3395 impetebant
587 3364 596 3387 ε
622 3353 659 3389 in
684 3352 761 3398 ipso
778 3352 897 3398 Regio
909 3353 1063 3391 consessu
1075 3355 1248 3393 Bruxellis
1265 3355 1419 3394 Minister
1441 3356 1600 3403 publicus
1623 3356 1787 3394 liberiore
1817 3354 1970 3394 sermone
1983 3358 2016 3394 in
2033 3360 2185 3396 Heroern
2199 3358 2358 3396 convicia
2369 3361 2420 3404 ja·

300 3394 372 3432 ssat
386 3421 398 3440 ,
424 3397 457 3433 8(
471 3398 615 3445 maligna
630 3402 768 3447 cuspide
785 3402 879 3440 illius
892 3400 980 3441 faeta
993 3401 1072 3442 serit
1084 3426 1097 3447 ,
1114 3403 1285 3443 sauciatus
1309 3415 1422 3445 tamen
1434 3416 1503 3443 uon
1516 3405 1563 3441 est
1577 3405 1714 3445 animus
1728 3429 1741 3449 ,
1766 3417 1869 3452 quem
1884 3406 2078 3446 innocentia
2094 3408 2310 3445 muniverat.
2337 3408 2418 3444 Fuit

302 3445 521 3493 Hyacinthus
535 3450 618 3485 alter
635 3450 802 3495 Achilles,
818 3462 922 3499 quem
936 3453 1003 3488 tela
1014 3451 1206 3500 iniquitatis
1219 3465 1283 3491 nec
1299 3462 1444 3498 tangere
1457 3477 1469 3497 ‚
1494 3465 1556 3493 nec
1569 3456 1744 3490 vulnerare
1761 3465 1921 3501 poterant
1936 3469 1945 3492 z
1969 3466 2029 3492 aut
2051 3457 2217 3505 patientia
2227 3456 2418 3494 cachinnos

308 3493 528 3540 supportavit
545 3518 557 3537 ‚
582 3507 640 3532 aut
656 3499 816 3539 modestis
833 3500 957 3539 litteris
970 3500 1018 3537 rei
1042 3500 1225 3538 veritatem
1247 3501 1470 3540 manifestavit
1483 3527 1492 3537 .
1518 3502 1753 3540 Collaudavit
1773 3514 1913 3541 econtra
1928 3505 2025 3542 unito
2049 3506 2211 3553 applausu
2227 3505 2340 3541 Roma
2360 3519 2419 3542 an-

294 3552 351 3579 'no
372 3542 477 3587 1614.
505 3543 670 3581 redeuntis
693 3547 926 3593 Sapientiam,
951 3550 987 3588 8(
1009 3550 1237 3594 gratulatorio
1261 3551 1399 3588 accursu
1422 3562 1549 3589 nomen
1571 3551 1665 3590 illius
1685 3552 1839 3589 obelisco
1866 3553 2012 3598 dignum
2025 3553 2184 3590 clamavit
2199 3578 2209 3589 .
2239 3553 2310 3601 lpse
2327 3556 2418 3602 l’apa

306 3591 397 3626 Eum
424 3599 545 3626 tenero
567 3592 705 3639 excepit
726 3598 887 3640 amplexu
902 3622 915 3641 ,
939 3598 1297 3643 &negotiafeliciter
1321 3602 1364 3637 ab
1389 3611 1432 3636 eo
1449 3601 1542 3644 gesta
1564 3599 1685 3643 fuisse,
1711 3598 1813 3636 variis
1831 3602 2018 3638 Pontificia:
2042 3603 2295 3639 benevolentia:
2316 3603 2417 3649 lignis

309 3637 473 3694 expreslit
488 3661 502 3683 ‚
528 3651 567 3676 ac
582 3641 745 3696 colleEtas
759 3644 803 3681 ab
817 3656 859 3681 eo
872 3647 991 3684 Sacras
1005 3646 1186 3694 Reliquias
1208 3649 1350 3685 aliarum
1365 3647 1541 3687 additione
1556 3660 1602 3684 ex
1620 3650 1783 3685 Romano
1799 3650 1947 3695 penaxio
1960 3651 2121 3694 adaugeri
2141 3653 2299 3699 praecepit
2313 3678 2322 3689 .
2353 3654 2418 3698 Pa-

307 3686 427 3743 tefecit
445 3686 514 3725 haze
532 3688 700 3727 Pontificii
715 3693 838 3728 amoris
851 3696 1015 3740 praeludia
1037 3707 1082 3732 ex
1099 3707 1191 3741 parte
1217 3699 1385 3735 Svicardo
1400 3697 1674 3744 Archiepiscopo
1700 3697 1735 3734 8(
1747 3696 1893 3735 ΕΙεΕὶοῐί
1913 3699 2152 3749 Moguntino,
2176 3701 2298 3749 Scipio
2321 3701 2412 3742 Cat*

308 3735 435 3774 dmalts
450 3735 657 3782 Borghesrus
670 3739 832 3779 Pontifici
846 3743 955 3782 Paulo
967 3744 1014 3784 V.
1039 3745 1059 3783 a
1082 3744 1216 3785 secretis
1232 3748 1348 3786 Status
1362 3771 1375 3792 ,
1401 3745 1489 3786 hisce
1506 3745 1647 3785 litteris:

2238 3861 2369 3901 ·....1n
