2618 4108
823 214 1702 336 monferratensts.
2083 243 2255 328 229

218 346 293 372 mm
314 336 333 371 i
347 333 512 382 Saluggia
525 331 691 372 Ganaeefi
705 342 840 378 genere,
853 334 1062 371 vocabantur
1078 345 1088 367 ε
1115 334 1220 368 ambae
1237 333 1386 371 duorum
1409 335 1560 375 Fratrum
1574 347 1619 371 ex
1633 335 1748 381 Stirpe
1763 330 1992 375 Coccastelli;
2016 330 2099 371 dieti
2113 330 2184 375 loci
2205 334 2312 370 Mon⁴¹

218 383 286 420 tilii
309 382 459 420 Domina
472 407 485 428 ,
512 382 656 421 vidua:
686 382 736 425 hae
748 382 871 419 divina
888 381 1106 428 inspiratione
1128 391 1308 423 commotae
1326 381 1539 426 Religiosum
1554 385 1691 421 Statum
1707 405 1720 424 ‚
1743 382 1978 431 Habitumque
1996 381 2035 419 S.
2052 381 2163 418 Patris
2180 381 2321 422 Franci·⁴

219 431 264 468 sci
284 443 361 469 cum
383 431 584 478 professione
613 433 727 477 primae
742 429 1058 474 Regulae'S.Clara:
1082 428 1246 466 assumere
1261 431 1412 467 unanimi
1439 432 1581 471 statuere
1609 431 1703 467 sensu
1717 455 1728 466 .
1758 431 1813 466 Ad
1832 431 1926 477 pium
1956 430 2020 465 hoc
2037 428 2282 476 propolitum...
2294 451 2321 473 2.

218 481 315 527 quod
329 479 431 516 variis
442 480 700 516 difficultatibus
714 477 903 514 obnoxium
916 476 1299 516 advertebant‚celetius
1312 479 1511 515 executioni
1521 478 1830 520 dandum,Batbara
1843 479 1888 514 ad
1905 479 2045 525 patriam
2065 477 2311 520 luam,Civita-

220 539 289 564 tem
309 528 434 565 scilicet
448 527 669 565 Casalensem
691 525 724 562 se
738 524 885 564 contulit
899 549 911 566 ,
937 525 1052 573 ibique
1074 525 1214 562 confilio
1240 526 1282 561 Ρ.
1303 527 1408 562 Felici
1429 529 1580 565 Fal-cona
1602 529 1623 561 ὲ
1650 527 1791 569 casali,
1819 537 1899 562 tunc
1915 526 2174 571 Capucinorum
2192 526 2311 563 Guar-

218 577 320 612 diano
331 577 539 613 confidenter
563 584 703 622 aperto,
728 574 826 611 illu‘tn
846 574 1008 618 rogavit,
1033 578 1072 609 ut
1088 584 1154 620 pro
1175 574 1215 610 iis
1242 574 1355 610 locum
1381 574 1416 610 in
1438 575 1648 612 Monasterl'o
1675 575 1880 613 Monialium
1895 576 1952 610 vel
1967 573 2160 611 Mediolani
2173 576 2229 610 vel
2242 577 2304 610 Pa-

219 626 285 661 viae
299 633 494 672 procuraret
506 648 521 668 ‚
545 624 699 671 qualibet
718 632 831 659 earum
849 633 893 657 ex
906 622 1017 658 divite
1040 622 1096 659 sua
1112 621 1296 658 substantia
1313 633 1416 659 2000.
1431 624 1618 659 Scotorum
1640 620 1798 658 summam
1817 623 1861 658 ad
1886 624 1974 662 hunc
1985 622 2139 662 effodiam
2159 621 2306 659 offerem

220 684 256 710 te
282 698 293 709 .
328 674 456 710 Munus
492 674 558 709 hoc
594 673 631 709 P.
653 669 747 707 Felix
773 669 808 704 in
844 670 875 706 se
897 670 1038 717 suscepit
1061 670 1210 715 gaudens
1234 692 1247 713 ‚
1282 669 1318 705 &
1341 680 1402 716 pro
1425 670 1468 706 iis
1496 670 1708 708 collocandis
1737 671 1848 707 valida
1876 670 2014 718 quidem
2038 669 2194 707 adhibuit
2231 681 2304 706 me-

216 723 297 764 dia,
325 733 398 768 quat
425 733 534 758 tamen
555 719 652 756 linem
679 729 745 754 non
765 717 934 766 attigere.
961 718 1051 756 Hinc
1075 719 1251 761 Barbarae,
1278 718 1376 753 illum
1397 717 1524 764 semper
1547 718 1684 762 urgenti
1708 718 1869 764 exposuit
1889 740 1902 760 ‚
1925 718 2047 763 quod,
2071 718 2094 753 fi
2114 730 2196 755 cum
2221 717 2309 761 Iulia

219 771 380 806 summam
395 781 457 816 pro
483 770 565 806 dote
583 766 801 804 Monastcriis
816 767 927 804 paviae
947 767 981 803 &
999 765 1184 805 Mediolani
1202 767 1350 802 oblatam
1363 776 1502 810 erogare
1516 766 1622 801 vellet
1634 789 1647 809 ,
1673 765 1707 800 in
1725 765 1798 808 ipla
1821 765 1974 800 Civitate
1988 766 2156 803 Casalenfi
2174 778 2307 803 novum

218 818 472 864 Capucinarum
488 817 731 853 Parthenonem
746 826 791 850 ex
803 826 842 850 ea
856 814 998 851 fundare
1010 817 1150 852 arduum
1164 825 1233 850 non
1247 813 1533 859 foret,praesertim
1546 824 1635 848 voto
1651 811 1860 854 illustriffimi
1875 813 1909 848 8(
1927 814 2210 850 Reverendisfimi
2234 817 2312 851 Βο-

218 867 304 902 mini
325 866 469 903 Tullii&
483 866 626 900 Caretto
641 887 654 906 ,
680 874 759 898 tunc
780 862 950 899 Civitatis
976 863 1155 910 Episcopi,
1184 862 1218 898 8(
1239 861 1392 901 Praesulis
1415 861 1577 906 singulari
1599 860 1727 906 pietate
1750 859 1930 905 conspicui
1949 861 1991 896 ad
2013 861 2049 897 id
2068 872 2311 900 concurrente.

216 914 451 964 Qntumvis
468 914 612 950 Barbara
635 910 930 958 propositionem,
956 913 1055 958 cujus
1075 910 1308 947 executionem
1329 912 1456 946 attenta
1483 908 1655 955 speciatim
1675 908 1733 946 sua
1749 909 1783 944 &
1804 908 1973 952 Cognazae
2009 919 2109 947 aetate
2146 911 2309 955 proveaa.

223 961 395 999 difficilem
415 961 613 997 autumabat
628 982 641 1003 ‚
665 967 743 995 tunc
763 971 832 994 non
853 960 1072 1008 acceptasset,
1097 963 1128 996 &
1150 967 1288 995 econtra
1309 958 1534 1005 noviter-pro
1547 957 1702 993 statione
1721 955 1871 993 Pavienfi
1895 956 2063 993 institisset
2079 983 2089 998 ,
2127 957 2232 994 suada:
2259 957 2311 994 ni«

219 1011 404 1048 hilominus
426 1012 462 1045 P.
478 1009 598 1045 felicis
611 1009 744 1045 tandem
756 1008 883 1043 acceffit
895 1031 908 1050 ‚
933 1009 1034 1056 eique
1054 1007 1219 1054 praemiffis
1238 1006 1342 1042 variis
1357 1006 1573 1043 orationibus
1589 1005 1623 1043 &
1635 1003 1802 1051 assumpto
1827 1004 1862 1039 in
1888 1004 2017 1040 laboris
2041 1014 2167 1051 partem
2183 1006 2220 1041 Ρ.
2236 1008 2311 1042 Ann'

217 1059 334 1105 gelico
350 1057 577 1094 Meschiavina
601 1056 778 1102 Capucino
801 1056 978 1099 negotium
1000 1055 1060 1091 sub
1085 1056 1199 1090 velato
1212 1053 1348 1090 nomitie
1373 1066 1451 1090 cum
1475 1053 1697 1092 illustriffimo
1714 1053 1870 1091 Domino
1890 1051 2061 1098 Episcopo
2084 1053 2248 1091 tractandi
2260 1053 2311 1092 asq·

223 1109 352 1144 sensum
375 1105 538 1154 praebuit.
562 1104 631 1141 Hic
651 1104 832 1142 Personam
845 1105 1035 1140 OtatrIcem
1061 1101 1120 1137 fibi
1145 1103 1289 1139 revelari
1314 1101 1455 1141 voluit3
1482 1112 1623 1148 eamque
1656 1101 1750 1138 illico
1780 1099 1999 1147 personaliter
2025 1101 2154 1139 aeceffit
2176 1125 2189 1144 ,
2216 1102 2311 1147 prius

218 1155 358 1203 quidem
382 1166 428 1192 ex
441 1153 704 1190 manifestatione
718 1150 888 1188 confusam
902 1176 914 1196 ,
943 1151 1055 1196 postea
1070 1159 1180 1184 tamen
1194 1148 1299 1186 docili
1315 1149 1438 1186 fiducia
1459 1149 1606 1186 consiliis
1625 1149 1771 1185 Pastoris
1794 1159 1863 1185 tam
1878 1147 2034 1185 amabilis
2059 1149 2157 1196 plene
2171 1149 2317 1195 acquie-

219 1205 369 1241 scentem
382 1227 391 1238 .
419 1203 470 1238 Eo
486 1203 561 1238 zelo
573 1199 730 1247 piiffimus
747 1198 898 1234 Antistes
913 1201 1012 1243 hujus
1026 1197 1139 1244 operis
1156 1195 1341 1242 progressui
1364 1197 1509 1233 attendit
1524 1223 1535 1239 ,
1560 1208 1597 1232 ut
1608 1197 1842 1236 incunctanter
1858 1197 1896 1232 P.
1914 1196 2120 1241 Angelicum
2148 1208 2214 1243 pro
2227 1197 2317 1233 obri-i

219 1251 330 1289 nendo
340 1250 438 1299 Juliae
451 1248 610 1285 consensu
634 1247 830 1283 Montilium
854 1246 1067 1290 ablegaverit
1081 1267 1095 1288 ,
1120 1256 1195 1292 quae
1209 1249 1241 1281 &
1257 1245 1345 1281 hunc
1361 1245 1504 1290 praebuit
1515 1269 1529 1289 ,
1552 1246 1587 1282 &
1603 1245 1728 1292 pariter
1747 1246 1790 1281 ad
1804 1243 1998 1281 Civitatem
2014 1244 2047 1281 se
2058 1244 2229 1281 contulit.
2257 1247 2311 1280 ln·

221 1301 322 1336 terim
338 1300 375 1334 Ρ.
391 1294 488 1335 Felix
500 1296 521 1332 a
537 1296 664 1332 Sermo
685 1296 780 1330 Duce
797 1294 947 1330 Mantua:
964 1292 1145 1329 Vincentio
1162 1295 1222 1330 ΙΙΙ.
1240 1304 1320 1329 tunc
1345 1294 1380 1328 in
1393 1293 1548 1330 Civitate
1563 1293 1738 1331 Casalensi
1762 1293 1967 1336 cunctante,
1993 1294 2191 1329 donationis
2211 1294 2315 1328 titulo

219 1348 321 1384 litum
348 1357 410 1394 pro
424 1344 545 1381 fabrica
571 1343 625 1379 die
646 1354 696 1390 ις.
724 1342 827 1377 Mart.
843 1343 943 1389 1609.
962 1341 1110 1377 obtinuit
1129 1365 1139 1376 .
1167 1341 1301 1378 indixit
1322 1341 1366 1378 ad
1387 1341 1456 1378 hate
1473 1343 1524 1378 ΙΙΙ.
1541 1345 1588 1378 D.
1605 1342 1791 1389 Episcopus
1816 1351 1878 1388 pro
1896 1352 1953 1377 τι.
1969 1341 2122 1388 Aprilis,
2151 1341 2185 1376 in
2210 1353 2316 1387 quem

219 1397 291 1432 dIes
315 1394 445 1432 Paschae
455 1392 595 1429 cadebat
609 1414 623 1434 ,
648 1389 829 1426 solemnem
846 1390 880 1425 &
895 1393 1084 1439 generalem
1095 1390 1344 1438 'Proceliionem
1355 1413 1371 1432 ,
1395 1400 1599 1437 crucemque
1621 1390 1790 1437 plantavit
1803 1413 1818 1433 ,
1840 1401 1880 1426 ac
1899 1389 2044 1436 repetita
2064 1391 2098 1424 in
2127 1389 2238 1426 mense
2254 1390 2314 1437 Ju.

221 1445 270 1479 nii
285 1442 493 1477 Procellione
513 1441 658 1487 primum
671 1437 834 1484 Lapidem
851 1439 958 1475 solitis
973 1437 1118 1475 Eccleliae
1130 1437 1249 1476 ritibus
1266 1437 1400 1486 posuit,
1428 1439 1614 1487 Deputatis
1626 1438 1669 1478 ad
1682 1449 1793 1476 cutam
1803 1436 1934 1476 fabncae
1950 1439 1998 1477 D.
2008 1438 2103 1484 Joan.
2116 1438 2224 1475 Paulo
2238 1439 2317 1477 Pic-=

225 1502 285 1535 co,
298 1490 458 1527 Antonio
470 1489 572 1525 Prato
591 1487 626 1523 &
649 1487 806 1522 Antonio
819 1488 967 1523 Guazzo
984 1511 996 1522 .
1031 1525 1033 1528 ,

316 1538 485 1582 Contigit
497 1536 622 1573 interea
635 1559 649 1580 ,
675 1544 712 1570 ut
725 1534 963 1572 lllustriffimus
979 1535 1023 1570 D.
1034 1534 1161 1573 Praesul
1179 1536 1326 1573 Romam
1352 1535 1733 1575 ob‘canonlzationem
1749 1538 1785 1574 S.
1799 1534 1924 1572 Caroli
1940 1535 2123 1572 Borrornaei
2146 1533 2318 1581 proficisci

223 1588 388 1629 deberet,
410 1586 469 1622 ubi
496 1585 689 1621 &duorum
709 1593 873 1619 annorum
895 1583 1082 1619 intervallo
1100 1596 1177 1622 eum
1204 1584 1407 1620 commorari
1435 1585 1594 1628 oportuit
1609 1609 1619 1621 .
1649 1586 1808 1622 Processit
1829 1583 1966 1629 quidem
1989 1583 2207 1626 adinterim,
2223 1586 2317 1619 lento

223 1647 335 1672 tamen
355 1644 481 1681 opere,
505 1633 655 1676 fabrica,
680 1631 715 1667 8(
735 1641 924 1667 memorata:
947 1631 1022 1667 duae
1038 1632 1207 1669 Matronae
1221 1633 1263 1668 ad
1286 1631 1530 1668 Monasterium
1543 1633 1742 1668 Monialium
1763 1634 1800 1669 S.
1821 1631 2219 1675 Bartholomaei,0tdinis
2234 1633 2322 1667 San·

223 1685 271 1720 &i
290 1682 471 1766 Augffstini
486 1680 683 1766 sefiefferunt
700 1703 714 1724 ,
737 1678 772 1714 &
792 1680 904 1729 sparsa
925 1679 966 1717 de
981 1690 1076 1716 novo
1089 1681 1344 1730 Capucinarum
1362 1679 1540 1718 Coenobio
1550 1680 1673 1725 sama,
1686 1684 1801 1732 plures
1827 1678 1989 1718 distinetili
1999 1681 2177 1729 qualitatis
2194 1681 2320 1726 puellae

226 1734 270 1769 ad
294 1733 330 1768 id
345 1731 380 1766 su
397 1730 464 1776 cipi
478 1731 514 1766 in
542 1728 697 1765 iterunt.
1607 1755 1611 1757 Α
2017 1728 2019 1731 ·

319 1778 647 1826 Εοὶρΐα.εεωροιε,
669 1778 703 1815 8(
720 1777 913 1826 opportune
936 1778 1056 1816 Romae
1068 1779 1214 1824 degebat
1230 1781 1278 1816 D.
1290 1779 1487 1816 Grattarola
1511 1789 1597 1815 unus
1619 1791 1661 1815 ex
1681 1778 1776 1815 dietae
1788 1777 2078 1817 canonizationis
2103 1777 2312 1814 Procurato-

221 1830 343 1872 ribus,
368 1827 428 1874 qui
453 1827 535 1862 olim
550 1837 670 1862 munus
682 1826 881 1863 Confeffarii
898 1826 1100 1864 Monialium
1115 1828 1367 1875 Capucinarum
1390 1829 1432 1863 ad
1461 1829 1500 1864 S.
1515 1829 1690 1864 Barbaram
1717 1826 1911 1863 Mediolani
1931 1834 2129 1864 exercuerat
2152 1849 2165 1869 ,
2193 1827 2215 1860 a.
2243 1837 2317 1873 quo

222 1880 304 1917 dum
321 1875 568 1926 illustrissimus
583 1874 769 1923 Episcopus
785 1876 827 1911 de
840 1875 999 1919 religiosa
1019 1877 1184 1914 dictarum
1206 1875 1408 1914 Monialium
1434 1876 1507 1919 yita
1526 1876 1662 1925 plenius
1675 1886 1747 1912 erat
1766 1873 1968 1914 informatus
1982 1900 1997 1923 ‚
2022 1884 2085 1926 pro
2098 1873 2316 1913 extrahendis

225 1928 276 1963 ibi
291 1924 423 1963 duabus
435 1923 618 1961 Sororibus
641 1922 889 1970 suprapositum
904 1924 1013 1962 Breve
1037 1925 1208 1961 obtinuit.

320 1973 377 2010 Ad
393 1972 644 2010 Sacerdotalem
658 1972 781 2007 Sedem
794 1981 854 2017 ²5·
872 1970 949 2018 Iun.
969 1972 1071 2010 1610.
1091 1971 1256 2010 lllustriss.
1271 1975 1318 2009 D.
1332 1973 1523 2020 Episcopus
1546 1974 1698 2011 reversus
1719 1971 1892 2011 modicum
1911 1973 2051 2013 invenit
2078 1970 2212 2009 fabricae
2235 1976 2322 2018 prod

228 2022 372 2069 gressum
383 2031 402 2060 ς
426 2020 504 2057 hinc
517 2019 657 2066 ipsemet
674 2018 768 2055 illius
791 2017 992 2064 perfectioni
1014 2032 1091 2057 cum
1117 2023 1200 2056 DD.
1228 2021 1412 2066 Deputatis
1430 2034 1469 2057 ea
1492 2021 1646 2059 incubuit
1668 2021 1824 2063 solertia,
1846 2033 1883 2057 ut
1906 2022 1940 2058 in
1966 2022 2073 2060 mense
2091 2019 2241 2063 Augusti
2257 2030 2317 2054 an-

224 2072 261 2108 ni
290 2072 386 2107 161-0·
401 2069 445 2105 ad
468 2067 864 2113 statum,introducendis
880 2077 932 2104 10.
951 2069 1105 2107 Pet-sonis
1119 2069 1332 2116 impatienter
1344 2069 1380 2105 id
1391 2068 1663 2116 exspectantibus
1686 2069 1926 2116 sufficientem,
1944 2070 2045 2108 fuerit
2060 2067 2220 2107 redacta:
2240 2066 2318 2104 fued

222 2129 373 2165 runtque
387 2116 474 2153 inter
490 2116 699 2153 incredulitas
713 2117 824 2163 primae
838 2116 983 2152 Barbara
1003 2121 1036 2153 &
1050 2118 1136 2154 lulia
1152 2118 1290 2164 praetatae
1306 2142 1319 2154 .
1815 2146 1826 2161 ,
1849 2126 1855 2131 ·
2008 2148 2017 2161 -‚
2115 2147 2117 2149 >
2133 2158 2136 2163 Δ

321 2166 423 2202 Cum
440 2165 610 2202 Mouiales
625 2165 841 2201 lnltitutrices
868 2164 1075 2207 Mediolano
1093 2165 1301 2212 appullffem
1330 2178 1386 2204 ω.
1425 2167 1665 2214 Septembris,
1686 2166 1742 2203 die
1755 2165 1911 2211 glorioso
1927 2169 1966 2206 S.
1983 2165 2140 2205 Mauritii
2155 2163 2326 2214 martyrio

227 2216 361 2258 Sacra,
386 2214 486 2249 mane
504 2224 623 2249 omnes
644 2213 759 2250 decem
782 2212 1022 2250 Monachandae
1039 2239 1051 2261 ‚
1073 2214 1322 2252 comitantibus
1343 2227 1400 2252 eas
1417 2216 1600 2262 praecipuis
1629 2212 1868 2251 Matronls'ad
1885 2212 2124 2253 cathedralem
2145 2213 2322 2252 Ecclesiam

227 2266 324 2301 sucre
345 2261 520 2297 conduk‘tae
532 2284 545 2304 ,
570 2262 628 2297 ubi
650 2261 725 2307 post
750 2270 890 2297 cantatae
911 2261 1080 2299 Solemnis
1098 2263 1202 2298 Mifl'ae
1217 2262 1441 2309 Evangelium
1464 2266 1483 2297 a
1507 2265 1547 2299 P.
1563 2264 1760 2312 Hyacinthe
1778 2264 1898 2308 Natta,
1917 2265 2047 2303 celebri
2061 2263 2324 2301 concionatore

229 2312 366 2359 Spiritu
382 2309 586 2356 &sapientia
607 2311 730 2355 plenus
741 2308 924 2345 habebatur
942 2309 1054 2346 sermo
1067 2335 1078 2352 ,
1103 2310 1301 2357 sumptaque
1328 2311 1375 2346 ibi
1390 2321 1450 2357 per
1463 2323 1583 2348 manus
1606 2307 1764 2357 Episcopi
1788 2312 1892 2349 sacra
1906 2314 2060 2361 synaxi,
2086 2311 2130 2347 ad
2156 2310 2324 2348 Monastev

229 2362 319 2398 rium
346 2367 410 2406 pro
424 2358 568 2404 prandio
579 2357 727 2398 rediere.
754 2358 820 2392 Pro
832 2356 978 2402 vesperis
1002 2369 1116 2403 autem
1126 2357 1167 2394 ad
1180 2358 1421 2395 Cathedralem
1441 2357 1531 2397 sucre
1552 2359 1763 2397 recondufftae
1777 2384 1787 2400 ,
1814 2360 1929 2408 hisque
1957 2361 2063 2399 finitis
2075 2369 2198 2396 omnes
2218 2359 2261 2404 ab
2278 2358 2324 2392 ll-

229 2407 428 2447 lustrissimo
444 2405 596 2441 Domino
610 2405 782 2457 Episcopo*
803 2403 1022 2451 Seraphicum
1047 2416 1250 2452 acceperunt
1269 2407 1438 2442 Habitum
1450 2419 1464 2447 3
1490 2408 1605 2454 postea
1634 2419 1712 2444 cum
1734 2407 1808 2442 rudi
1824 2409 1901 2444 fune
1919 2410 1962 2445 ad
1985 2410 2112 2445 collum
2127 2431 2139 2450 ‚
2167 2407 2201 2443 8(
2221 2415 2322 2441 cruce

231 2458 336 2494 trium
361 2453 574 2491 brachiorum
588 2454 691 2498 longi
703 2453 800 2500 super
812 2453 1236 2497 humeros‚Solemnissima
1257 2454 1362 2490 totius
1378 2455 1473 2491 Cleri
1497 2455 1680 2500 Regularis
1695 2458 1728 2490 &
1745 2455 1921 2493 Saecularis
1939 2481 1949 2496 ,
1973 2468 2012 2492 ac
2036 2455 2189 2491 omniurn
2217 2453 2324 2488 totius

232 2505 404 2542 Civitatis
417 2515 455 2539 ac
469 2502 669 2539 Dioeccscos
687 2501 915 2538 parochorum
938 2501 1153 2539 Processione
1167 2525 1180 2545 ,
1204 2503 1260 2538 cui
1273 2504 1394 2539 Statua
1421 2503 1460 2538 B.
1473 2502 1521 2538 V.
1539 2504 1655 2541 Mariae
1668 2505 1688 2537 a
1706 2503 1829 2539 senno
1857 2505 2010 2551 Principe
2035 2503 2159 2539 donata
2172 2526 2184 2547 ‚
2208 2501 2323 2537 &duo

232 2553 450 2599 Reliquiaria
464 2558 542 2587 cum
557 2548 760 2597 Reliquiisa
775 2549 949 2596 praelibato
964 2552 1002 2587 Ρ.
1026 2549 1224 2600 Hyacinthe
1239 2551 1347 2587 Natta
1374 2550 1498 2597 pariter
1524 2552 1648 2587 donata
1673 2549 1958 2597 praeferebantur,
1983 2553 2017 2589 in
2045 2551 2182 2586 modum
2203 2552 2324 2585 trium-⁴

235 2602 294 2650 phi
320 2601 363 2637 ad
377 2611 508 2636 novum
531 2599 781 2646 Capucinarutn
803 2598 1047 2646 Monastetium
1073 2599 1306 2643 ducebantur,
1331 2598 1569 2635 innumerabili
1595 2600 1728 2646 populo
1748 2621 1761 2641 ,
1787 2610 1887 2642 quem
1912 2612 1988 2636 cum
2017 2597 2319 2635 Reverendissimo

232 2650 385 2687 Domino
410 2647 555 2683 Praesule
571 2647 721 2685 alrefatus
737 2649 818 2688 Dux
835 2646 1046 2691 Vincentius,
1055 2646 1209 2695 expresse
1225 2647 1367 2690 Mantua
1389 2647 1423 2682 iu
1435 2648 1527 2684 hunc
1543 2648 1643 2685 finem
1660 2647 1798 2682 Casalin
1812 2647 1844 2682 se
1864 2647 2061 2684 transferens
2083 2648 2240 2692 praeibat,
2267 2653 2324 2694 eas

233 2698 415 2735 comitante
432 2720 445 2740 ,
468 2697 503 2732 &
518 2695 726 2732 Monialibus
739 2694 757 2731 ὁ
773 2695 982 2734 Monastcrio
993 2697 1031 2732 S.
1046 2697 1198 2732 Barbarae
1219 2695 1409 2740 Mediolani
1421 2696 1583 2732 extraEiis
1599 2696 1676 2732 illas
1691 2694 1802 2732 solitis
1825 2695 2032 2732 caeremoniis
2044 2692 2299 2742 excipientibus
2310 2714 2325 2726 -

237 2746 379 2783 Postero
399 2744 453 2781 die
481 2746 519 2780 P.
534 2744 746 2794 Hyacinthus
769 2754 864 2778 novo
882 2744 1044 2789 Sermone
1079 2744 1232 2780 novellas
1247 2743 1376 2779 Christi
1400 2744 1552 2791 Sponsas
1570 2767 1580 2783 .
1607 2744 1641 2780 8(
1665 2742 1845 2788 assumptas
1870 2755 1916 2780 ex
1941 2742 2134 2780 homInibus
2160 2741 2324 2789 primitias

236 2794 365 2832 Deo&
382 2804 471 2837 agno
489 2804 501 2835 3
525 2794 571 2830 ob
585 2793 796 2829 scamnorum
822 2791 986 2827 defectum
1006 2793 1040 2828 in
1057 2803 1145 2829 terra
1172 2790 1340 2835 sedentes,
1354 2792 1396 2830 ad
1409 2794 1568 2839 Spiritum
1586 2791 1839 2839 perseverantiae
1853 2792 2018 2829 animavit
2033 2813 2046 2834 ,
2069 2802 2112 2828 eo
2125 2790 2235 2826 fructu
2248 2815 2261 2834 ‚
2285 2797 2326 2823 ut

237 2855 357 2879 omncs
377 2843 491 2877 decem
519 2853 576 2890 23.
592 2843 691 2887 Sept.
714 2842 814 2876 1612.
841 2838 1218 2886 solemni-professione
1240 2838 1276 2874 in
1302 2841 1453 2877 manibus
1481 2839 1697 2876 lllustrissimi
1713 2838 1857 2874 Domini
1880 2840 2038 2887 Episcopi
2062 2839 2172 2875 emissa
2189 2862 2202 2882 ,
2229 2835 2327 2873 suavi

237 2890 439 2935 Religionis
459 2890 547 2937 jugo
561 2890 626 2924 sese
641 2890 856 2924 cumsumma
876 2888 1094 2924 aedificatione
1118 2886 1388 2923 consecraverint
1401 2911 1414 2932 ‚
1438 2901 1478 2924 ea
1502 2885 1668 2931 religiosae
1689 2886 1766 2923 vitat
1778 2891 1937 2934 exempla
1960 2889 2190 2935 relinquentes
2206 2909 2219 2931 ,
2247 2894 2323 2934 quie

238 2940 350 2977 adhuc
371 2937 556 2974 hodiedum
571 2940 609 2974 in
631 2936 744 2986 Sacris
765 2934 951 2971 illismuris
974 2936 1120 2980 gloriosa
1139 2934 1323 2983 propagine
1339 2936 1477 2977 corusca
1498 2935 1658 2974 videntur
1671 2961 1682 2975 .

346 3035 400 3072 Ex
413 3047 484 3084 reg.
489 3033 556 3084 seu
571 3035 661 3072 libro
676 3033 911 3078 memoriarum
927 3030 1084 3081 praediffo
1099 3055 1109 3068 .

338 3155 372 3189 Β.
389 3149 565 3197 Reliquias
586 3125 798 3196 supradifitas
812 3147 846 3183 8(
859 3157 955 3182 novo
977 3145 1185 3182 Parthenoni
1204 3145 1346 3183 donatas
1360 3169 1374 3190 ,
1399 3147 1517 3185 habuit
1538 3147 1577 3185 P.
1595 3149 1806 3198 Hyacinthus
1823 3151 1844 3187 a
1868 3149 2082 3188 Serenissi'ma
2096 3148 2330 3189 Archiducili'a

242 3198 387 3237 Austrioe
402 3200 501 3235 Anna
514 3198 697 3234 Catharina
710 3220 723 3240 ,
747 3207 852 3243 prout
880 3196 1009 3231 constat
1028 3204 1073 3231 ex
1085 3193 1270 3242 diplomate
1293 3194 1435 3242 desuper
1456 3196 1616 3235 consecto
1629 3223 1640 3241 ‚
1665 3198 1700 3235 &
1726 3201 1763 3234 in
1790 3199 1946 3238 Archivo
1975 3200 2174 3238 Monasterii
2196 3198 2331 3240 Menios}

246 3250 332 3284 lium
348 3247 518 3284 reservato
531 3270 544 3289 ,
570 3257 609 3281 ut
624 3245 773 3292 sequitur
785 3269 797 3280 .
1655 3272 1658 3275 .

380 3359 504 3409 Anna
532 3355 764 3422 Catharina
791 3355 946 3407 Gratia
968 3358 1055 3408 Dei
1078 3358 1370 3425 Archiducifflt
1390 3358 1563 3427 Austriae
1579 3395 1595 3419 ,
1611 3376 1707 3410 nata
1735 3358 1986 3426 Principissc‘t
2011 3356 2204 3408 Mantuae

1075 3430 1130 3493 &f
1157 3428 1481 3499 Moncifirrati
1495 3465 1509 3480 .

348 3549 435 3590 Cum
456 3547 501 3586 P.
516 3545 768 3594 Hyacinthus&
784 3544 898 3594 Casuli
910 3547 1134 3585 concionator
1151 3547 1345 3596 Capucinus
1358 3546 1378 3582 ἃ
1390 3545 1504 3587 Nobis
1511 3554 1644 3594 partem
1662 3547 1851 3584 Sacrorum
1864 3545 2123 3595 Reliquiarum,
2152 3558 2223 3596 quae
2246 3545 2338 3596 apud

258 3595 337 3636 Nos
348 3597 581 3646 custodiuntur
594 3619 605 3635 ,
629 3604 701 3631 tum
721 3602 783 3642 pro
797 3595 864 3642 sua
874 3597 1016 3643 propria
1028 3595 1206 3632 devotione
1218 3622 1227 3636 ‚
1253 3605 1326 3632 tum
1347 3604 1409 3643 pro
1428 3595 1574 3631 aliorum
1580 3594 1813 3642 satisfafiione
1825 3620 1839 3640 ,
1865 3605 1938 3632 tum
1954 3604 2015 3643 pro
2029 3595 2109 3632 lot-it
2128 3621 2139 3639 ‚
2162 3598 2202 3631 in
2215 3599 2338 3643 quibus

254 3657 330 3681 cum
351 3646 466 3682 debita
478 3644 675 3681 reverentia
692 3641 949 3692 asservarentur
964 3666 977 3686 ‚
1001 3644 1043 3685 ὼ·
1056 3644 1249 3681 colerentur
1261 3668 1274 3687 ,
1300 3643 1538 3692 requisiverit,
1564 3642 1641 3682 Nos
1662 3653 1730 3677 non
1747 3643 1855 3690 folum
1867 3643 1996 3681 cultum
2021 3645 2167 3682 Divinae
2186 3644 2340 3693 Majesta-

251 3695 298 3728 tis
315 3718 327 3736 ,
356 3696 409 3730 tui
424 3695 533 3729 omnia
558 3693 644 3727 hona
661 3691 814 3728 debemus
829 3715 842 3734 ,
858 3692 921 3740 sed
941 3693 983 3733 (ἓν
1005 3692 1230 3736 Sannorum,
1256 3694 1318 3739 qui
1332 3703 1405 3727 cum
1417 3692 1465 3727 Ea
1482 3691 1618 3740 gloriosi
1630 3691 1845 3739 triumphant
1863 3693 1903 3727 in
1927 3691 2017 3728 coelis
2029 3717 2042 3737 ‚
2065 3700 2262 3740 promovere
2282 3702 2343 3727 vo-

252 3740 361 3778 lentes
374 3764 388 3786 ‚
412 3740 598 3789 consultum
617 3740 777 3777 duximus
791 3742 857 3788 piae
877 3739 973 3776 illius
990 3742 1153 3788 petitioni
1175 3739 1432 3788 condescendere
1446 3763 1459 3783 ,
1482 3740 1655 3786 eidemque
1676 3740 1919 3789 infrascriptos
1941 3741 2011 3778 SS.
2024 3739 2206 3788 Reliquias
2229 3743 2345 3775 conce-⁴

248 3790 353 3835 dere,
377 3791 420 3832 (ς’
440 3790 588 3831 donare,
616 3800 689 3838 quae
710 3800 751 3827 ex
767 3788 908 3838 nostris,
941 3800 1024 3839 quos=
1043 3800 1083 3828 ex
1095 3789 1198 3839 certis
1221 3787 1516 3837 &eAuthenticis
1537 3788 1617 3825 locis
1625 3788 1730 3838 juxta
1740 3788 1886 3838 solemne
1900 3789 1992 3837 apud
2002 3789 2083 3832 Nos
2107 3786 2344 3875 αβὲνὸαιαηυ

2220 3847 2296 3873 oeu-
