2664 4114
416 200 523 305 80
1153 194 1684 284 Provincia

339 322 482 362 relifto
498 346 510 368 2
536 315 642 359 idem
665 313 791 371 Julius
808 311 938 353 Caesar
961 312 1153 353 summam
1178 314 1215 353 δε
1240 327 1366 367 quan·
1426 313 1659 368 Apostolica
1674 310 1835 366 Scripta
1855 308 2087 352 mandamus
2102 313 2327 363 ,quatenus
2348 310 2458 349 trani

336 379 497 419 titatem
526 375 701 430 pecuniae
732 372 876 413 dictam
909 370 948 410 in
985 369 1364 414 constructionem-2

334 449 446 478 novae
464 431 614 475 Domus
637 442 809 483 erogare
834 428 1030 482 cupiens,
1046 428 1098 469 de
1111 442 1215 470 anno
1240 430 1359 483 1614.

333 493 535 548 quoddam
564 487 808 532 Memoriale
839 487 1010 528 Dileffis
1040 486 1149 530 Filiis
1174 489 1361 530 Genera-

333 552 394 602 li,
426 565 471 591 ac
500 544 777 591 visitatoribus
802 572 817 595 ‚
848 546 886 587 &
916 545 1007 587 aliis
1041 545 1226 588 Patribus
1262 546 1359 587 dieti

333 609 499 651 Ordinis
537 606 645 646 illius
682 602 903 645 Provinciae
938 602 1114 659 desuper
1143 604 1359 661 porrexit,

330 669 399 718 qui
428 666 530 706 statu
552 660 746 716 praedic'tae
771 659 924 704 Domus
942 690 956 713 ‚
988 676 1034 704 ac
1063 663 1155 705 aliis
1182 663 1361 719 diligen-

332 736 397 766 ter
419 719 710 771 confidentis,
734 734 826 762 cum
854 719 963 763 dieto
983 720 1097 778 Julio
1119 720 1276 765 Caesare
1308 721 1358 764 ad

331 783 368 822 in
377 779 621 834 frastriptam
634 803 646 817 -
659 807 671 819 .
687 808 698 820 .
714 808 725 819 .
742 779 1003 822 devenerunt
1028 779 1357 831 uanffifflonem,

329 839 524 880 videlicet
539 868 555 888 ,
580 840 689 892 quod
706 837 981 894 did‘tusJulius
994 837 1154 888 Caesar,
1179 838 1248 881 seu
1271 838 1356 895 ejus

327 896 509 940 haeredes
536 925 550 948 ,
580 895 648 939 seu
680 897 805 938 haeres
838 911 913 951 pro
945 897 1242 939 constructione
1269 923 1285 946 2
1321 899 1358 938 &

326 955 580 1012 perfectione
620 955 732 998 dietae
766 953 918 997 Domus
947 956 1154 998 Summam
1184 964 1359 1011 quatuor

327 1014 443 1057 mille
470 1017 723 1057 Ducatorum
751 1012 935 1056 similium
975 1014 1134 1058 solvere
1178 1014 1357 1065 debeat,

329 1073 398 1116 seu
422 1072 601 1116 debeant
616 1101 631 1124 ‚
657 1075 696 1114 δε
720 1082 941 1116 teneantur
957 1102 971 1125 ,
1003 1072 1163 1128 illisque
1187 1072 1327 1114 solutis
1343 1099 1358 1120 a

328 1132 412 1188 ipse
430 1160 444 1183 ,
473 1133 540 1175 seu
574 1133 639 1187 ipfi
669 1134 692 1175 a
721 1132 1030 1175 contributione
1060 1143 1358 1187 quacunque-³

329 1191 515 1234 facienda
541 1190 676 1242 liber,
705 1192 743 1233 &
769 1202 978 1247 exemptus
996 1219 1009 1241 ‚
1039 1189 1106 1233 seu
1139 1190 1289 1238 liberi,
1321 1190 1362 1229 &

330 1250 508 1304 exempti
531 1247 683 1300 effent,
711 1259 834 1303 prout
858 1250 899 1292 in
924 1247 1182 1305 dispositione
1203 1251 1243 1291 δι
1267 1248 1361 1290 scri-

329 1309 460 1365 pturis
477 1308 650 1363 desuper
677 1306 872 1350 confeffis
897 1309 1057 1364 plenius
1080 1306 1232 1349 dicitur
1259 1319 1359 1348 con-

334 1378 482 1408 tmen.

387 1428 528 1482 Qare
551 1439 624 1480 pro
646 1433 761 1481 parte
782 1426 933 1476 Mutii,
958 1425 1024 1481 qui
1044 1423 1206 1471 asserit,
1231 1424 1357 1465 etiam

330 1483 556 1539 hujusmodi
583 1485 811 1525 rationibus
840 1484 1091 1526 intervenire
1118 1484 1156 1524 &
1177 1483 1358 1525 Vincen-

330 1544 482 1593 tium..
502 1571 539 1583 ..
556 1543 686 1584 Nobis
714 1541 928 1584 humiliter
955 1541 1033 1583 fuit
1061 1541 1358 1595 supplicatum,

329 1612 530 1658 quatenus
557 1599 865 1642 transactionem
895 1598 1122 1654 hujusmodi
1151 1613 1226 1654 pro
1249 1600 1357 1640 illius

328 1659 572 1704 subsistentia
593 1657 791 1709 firmiori,
820 1660 860 1700 &
885 1656 1114 1700 inviolabili
1139 1657 1256 1712 ipfius
1283 1658 1359 1699 ob-

328 1719 527 1763 servantia
555 1719 809 1773 approbare,
846 1717 885 1757 &
913 1715 1187 1765 confirmare,
1213 1729 1258 1757 ac
1287 1717 1358 1760 in„

329 1776 527 1835 praemiffis
554 1776 776 1832 providere
798 1774 852 1815 de
875 1774 1130 1828 benignitate
1157 1773 1360 1829 Apostoli.

329 1852 374 1879 ca
392 1836 675 1889 dignaremur.
703 1836 790 1876 Nos
819 1832 945 1886 igitur
971 1833 1175 1881 Matium,
1202 1834 1359 1875 &Vin-

330 1894 509 1937 centium
537 1891 776 1948 praedictos,
807 1892 847 1931 &
870 1905 1011 1934 eorum
1044 1891 1303 1947 quemlibet,
1333 1894 1357 1936 ὲ

329 1951 537 2008 quibusvis
563 1950 1001 1994 excommunicationis
1023 1951 1101 1996 διε.
1132 1951 1172 1991 &
1196 1947 1355 1994 absolu-

330 2023 392 2055 tos
419 2010 508 2052 fore
550 2009 764 2051 censentes
794 2037 807 2060 ,
839 2023 913 2051 nec
949 2005 1029 2051 non
1061 2007 1356 2064 dispositionis,

328 2073 368 2112 &
401 2070 615 2123 Scripturae
653 2066 878 2122 hujusmodi
915 2077 1080 2109 tenores
1104 2097 1118 2120 ,
1149 2067 1356 2123 praesenti-

330 2131 403 2172 bus
428 2142 500 2184 pro
526 2126 713 2182 expressis
741 2127 939 2168 habentes
961 2155 976 2176 ,
1010 2126 1235 2181 hujusmodi
1268 2127 1360 2183 sup-

332 2187 616 2245 plicationibus
643 2186 860 2238 inclinati,
890 2185 1137 2231 Discretioni
1162 2189 1258 2231 Tuae
1282 2201 1358 2244 per

1425 372 1642 414 factionem
1672 370 1899 426 praedictam
1917 397 1932 419 ‚
1962 369 2003 409 δε
2033 368 2166 408 omnia
2184 392 2199 416 ‚
2230 380 2276 407 ac
2303 364 2458 420 lingula

1421 431 1464 472 in
1496 444 1542 472 ea
1573 439 1768 471 contenta
1792 457 1807 479 ‚
1839 427 1952 469 licita
1979 435 2117 469 tamen
2140 452 2155 476 ‚
2193 426 2231 466 &
2260 424 2456 475 honesta,

1421 489 1662 530 auctoritate
1691 486 1835 530 Nostra
1872 486 2073 542 approbes
2095 511 2109 533 ,
2140 484 2180 524 &
2208 479 2421 525 confirmes
2440 507 2456 531 2

1420 543 1582 600 illisque
1608 545 1855 587 inviolabilis
1881 543 2120 599 Apostolicae
2155 540 2359 583 firmitatis
2387 554 2458 588 r0-,

1421 604 1499 646 bur
1526 601 1722 656 adiicias,
1754 617 1885 659 eaque
1914 603 2047 646 valida
2070 603 2110 642 ἃ.
2133 598 2309 642 efficacia
2336 598 2455 648 fore,

1421 676 1468 704 ac
1490 663 1540 704 ab
1559 662 1605 703 iis
1620 691 1635 712 ‚
1659 661 1710 703 ad
1732 676 1830 717 quos
1866 677 1969 705 nunc
1995 661 2141 715 spectat
2156 686 2169 708 ,
2193 659 2233 699 δι
2255 670 2331 711 pro
2350 665 2454 698 tem·-

1422 734 1521 776 pore
1550 733 1793 776 quocunque
1809 720 2032 776 spectabit,
2050 716 2222 761 firmiter
2251 712 2458 758 observari

1418 779 1598 821 debere:
1635 792 1711 819 nec
1736 779 1788 820 ab
1815 780 1897 822 illis
1916 779 2007 824 ,ullo
2031 789 2206 834 unquam
2231 783 2457 828 tempore..-

1421 836 1568 879 resolvi
1598 834 1737 893 poffe,
1768 837 1836 880 sed
1867 837 1918 880 ad
1956 837 2121 880 illorum
2157 833 2459 876 observantiam

1421 894 1510 936 fore
1536 896 1577 935 δι
1600 892 1680 937 else
1706 896 1906 951 obligatos
1925 923 1940 947 ,
1971 898 2011 937 &
2035 896 2086 938 ad
2109 893 2150 936 id
2177 890 2354 935 censuris
2378 893 2460 933 Ec-

1420 952 1645 996 clefiasticis
1670 980 1684 1003 ,
1714 955 1755 994 δε
1783 955 2029 1009 pecuniariis
2071 952 2205 1009 poenis
2249 951 2341 1005 cogi
2368 978 2383 1001 ,
2419 950 2460 990 &

1419 1013 1611 1068 compelli
1638 1009 1775 1066 posse:
1807 1025 1884 1054 nec
1912 1025 1992 1053 non
2019 1012 2211 1062 irritum,
2237 1011 2277 1050 &
2303 1010 2453 1060 inane,

1420 1071 1445 1113 fi
1474 1075 1583 1117 secus
1610 1069 1728 1127 super
1754 1071 1813 1113 his
1835 1074 1859 1114 a
1883 1083 2089 1126 quoquam
2105 1098 2120 1120 ,
2145 1069 2287 1123 quavis
2318 1069 2460 1108 aueto-

1420 1130 1547 1173 ritate
1572 1128 1749 1172 scienter
1776 1127 1843 1173 vel
1869 1130 2109 1184 ignoranter
2134 1125 2330 1168 attentari
2357 1138 2460 1166 con-

1422 1189 1566 1244 tigerit
1583 1215 1596 1238 2
1623 1189 1769 1231 eadem
1796 1188 2040 1231 auc‘toritate
2066 1187 2291 1235 decerna,
2318 1185 2358 1224 &
2383 1196 2460 1225 vo-

1421 1248 1623 1290 luntatem
1646 1248 1742 1289 dicti
1762 1247 1910 1290 Rutilii
1929 1246 2063 1302 quoad
2085 1248 2192 1292 haec,
2219 1242 2242 1284 fi
2260 1256 2360 1298 opus
2378 1241 2424 1283 fit
2439 1270 2462 1293 ,

1419 1317 1680 1348 commutes:
1715 1310 1808 1350 Non
1835 1306 2084 1348 obstantibus
2116 1303 2372 1363 voluntate,
2409 1313 2457 1343 ac

1419 1365 1507 1408 aliis
1536 1365 1730 1419 praemiffis
1746 1393 1760 1415 ,
1785 1379 1831 1407 ac
1848 1366 2047 1419 quibusvis
2063 1359 2454 1411 Constitutionibus‚

1418 1438 1464 1466 ac
1494 1423 1828 1466 ordinationibus
1856 1423 2134 1479 Apoliolicis·,
2165 1417 2457 1469 caeterisque,

1418 1482 1638 1525 contrariis
1673 1482 1976 1538 quibuscunque
1998 1509 2008 1520 .
2045 1480 2248 1525 Volumus
2288 1487 2458 1527 autem,

1419 1540 1528 1596 quod
1558 1539 1756 1582 refiduum
1788 1541 1902 1583 dit‘tae
1930 1543 2100 1583 Summae
2129 1548 2303 1595 quatuor
2334 1535 2456 1578 mille

1421 1604 1674 1641 Ducatorum
1701 1597 1925 1655 hujusmodi
1954 1613 2081 1654 penes
2110 1601 2295 1640 Montem
2321 1595 2457 1651 pieta—

1422 1658 1505 1709 tis,
1533 1670 1600 1700 aut
1628 1658 1800 1713 aliquam
1824 1657 2040 1701 Personam
2067 1656 2149 1699 fide
2178 1658 2218 1698 δι
2241 1653 2454 1697 facultati-

1420 1717 1494 1759 bus
1523 1715 1684 1771 dignam
1712 1715 1864 1772 deponi
1893 1716 2076 1768 debeat,
2108 1714 2158 1758 ad
2188 1715 2374 1757 effectum
2402 1711 2455 1753 il-

1421 1773 1492 1817 lud
1526 1775 1563 1816 in
1596 1776 1893 1818 constructione
1921 1774 2035 1819 dietae
2062 1771 2216 1818 Domus
2244 1769 2455 1829 quampriq

1420 1831 1530 1875 mum
1556 1834 1853 1877 convertendi.

1436 1911 1439 1912 ⁷
1478 1895 1628 1934 Datum
1658 1895 1797 1935 Romae
1828 1891 1936 1947 apud
1966 1895 2009 1936 S.
2035 1894 2202 1935 Petrum
2231 1892 2350 1933 Anno
2383 1890 2453 1930 In-

1417 1950 1664 1994 carnationis
1692 1950 1908 1992 millefimo
1944 1950 2234 1994 sexcentefimo
2261 1947 2452 2004 vigesimo

1415 2011 1579 2067 primo,
1601 2010 1733 2065 pridie
1758 2009 1851 2052 Kal.
1872 2010 2055 2066 Aprilis,
2079 2008 2343 2054 Pontificatus
2366 2009 2452 2050 NO-

1417 2069 1483 2112 stri
1513 2070 1637 2111 Anno
1661 2070 1827 2114 Primo.

1475 2187 1650 2247 Authog.
1673 2188 1717 2232 in
1744 2187 1915 2232 Archivo
1948 2187 2188 2232 Provincia.

1103 2390 1661 2454 NOTA.

328 2611 596 2698 COncordia
613 2610 789 2647 enuntiata
802 2612 818 2654 s*
842 2611 1069 2660 quantunque
1083 2611 1296 2658 Apostolicae
1317 2614 1424 2650 Bullae
1451 2612 1607 2660 praefidio
1634 2611 1789 2656 munita}
1811 2611 1926 2650 minus
1945 2611 2119 2650 subsistere
2141 2611 2213 2649 visa
2234 2610 2283 2648 est
2313 2621 2358 2647 ex
2382 2608 2448 2647 ἆιιῐ-

436 2660 517 2706 plici
539 2659 675 2705 capite:
705 2659 819 2695 Primo
837 2683 850 2704 ,
872 2658 967 2706 quod
990 2661 1205 2697 dubitaretur
1226 2685 1239 2705 ‚
1267 2673 1307 2697 an
1335 2663 1436 2698 stante
1461 2663 1540 2710 jure
1565 2660 1702 2708 quaefito
1718 2686 1729 2703 ‚
1752 2663 1790 2698 P.
1812 2663 1994 2698 Generalis
2016 2661 2085 2698 &c.
2111 2659 2295 2697 donationi
2331 2659 2446 2696 media

329 2708 557 2745 transafflone
582 2707 736 2753 potuerit
763 2709 983 2745 renuntiare}
1009 2710 1195 2752 Secundo,
1219 2710 1313 2757 quod
1340 2712 1471 2747 Fratres
1495 2710 1530 2746 in
1551 2711 1699 2747 aedificio
1734 2711 1869 2747 Domus
1893 2711 2058 2747 excedere
2088 2711 2180 2748 velle
2205 2708 2406 2746 viderentur
2424 2718 2437 2742 ε

327 2757 409 2794 hinc
435 2755 578 2792 Vicat-io
603 2755 810 2801 Apostolico
837 2758 1010 2803 Tropeen.
1030 2756 1121 2805 juffu
1144 2759 1221 2794 Sac.
1246 2760 1462 2803 cengregat.
1485 2758 1552 2795 fuit
1579 2759 1739 2807 scriptum
1754 2783 1768 2803 ‚
1792 2770 1834 2795 ut
1856 2758 2032 2807 sequitur:

429 2803 614 2853 Quondam
637 2802 798 2840 Rutilius
823 2804 986 2844 Caballus
1010 2818 1100 2842 anno
1126 2808 1227 2852 1607.
1261 2815 1324 2855 pro
1348 2808 1511 2844 eressiione
1541 2807 1743 2844 Conventus
1773 2809 2028 2857 Capucinorum
2054 2810 2094 2844 in
2122 2809 2283 2847 Civitate
2304 2807 2443 2845 Amans

330 2853 415 2891 theae
438 2854 532 2904 istius
559 2851 697 2900 Dioecefi
722 2853 764 2894 (ξ’
779 2861 842 2901 pro
862 2854 1050 2903 provisione
1073 2853 1260 2905 neceffariae
1275 2855 1492 2905 supellet‘iilis
1507 2856 1660 2893 Ducatos
1684 2855 1775 2894 mille
1800 2858 1839 2893 in
1858 2859 2006 2906 pecunia
2029 2867 2235 2901 numerata,
2262 2855 2442 2905 aliosque)

329 2902 493 2938 ducentos
518 2900 672 2937 Ducatos
699 2913 831 2938 annuos
855 2911 919 2950 per
946 2915 1002 2939 10.
1033 2915 1202 2940 annorum
1219 2903 1374 2952 spatium
1392 2930 1406 2950 ‚
1440 2906 1483 2948 ὼ·
1508 2905 1646 2953 quidem
1677 2917 1879 2954 quocunque
1909 2917 2000 2942 anno
2027 2907 2135 2944 medio
2169 2915 2233 2955 pro
2263 2915 2344 2942 rata
2366 2902 2437 2952 sol·

333 2951 463 2987 vendor
494 2950 590 2985 inter
613 2950 712 2984 vivos
735 2950 908 2995 donavit,
939 2963 1015 2988 cum
1039 2951 1299 2997 declaratione,
1325 2954 1414 3002 quod
1442 2953 1552 2991 exarto
1583 2953 1642 2990 hoc
1669 2963 1844 3002 tempore,
1869 2955 1901 3005 fi
1921 2955 2063 3003 fabrica
2094 2955 2141 2990 ad
2164 2953 2439 3002 perfhffionem‘

328 2999 471 3036 necdum
517 3007 591 3034 oret
610 2998 799 3045 perduint,
825 3000 916 3036 dieta
939 3011 1021 3037 200.
1046 3000 1262 3038 Ducatorum
1292 3013 1487 3039 annuorum
1514 3001 1642 3051 solutio
1658 3028 1671 3047 ,
1697 3004 1799 3053 usque
1822 3004 1903 3039 dum
1928 3003 1990 3039 illa
2014 3004 2110 3052 foret
2132 3001 2316 3052 completa,
2340 3002 2440 3049 eique

325 3047 366 3082 in
393 3060 472 3084 nece
498 3047 586 3082 ariis
615 3047 792 3094 provisum
810 3071 823 3091 ,
857 3050 1148 3085 continuaretur.
1181 3049 1296 3099 Postea
1331 3053 1431 3097 1614.
1466 3049 1526 3086 Fr.
1553 3050 1709 3099 {Joannes
1733 3050 1939 3100 Franciscus
1972 3049 2223 3104 Commiffarius
2254 3047 2438 3088 Generalis

326 3097 366 3130 in
400 3096 591 3133 Provincia
624 3094 796 3132 Calabria:
822 3108 863 3134 ex
889 3097 932 3135 P.
960 3097 1142 3134 Generalis
1168 3098 1324 3146 consensu
1347 3111 1425 3135 cum
1449 3099 1637 3136 haeredihus
1663 3108 1726 3148 pro
1749 3100 1882 3148 summa
1921 3111 2070 3148 quatuor
2104 3100 2194 3138 mille
2222 3101 2436 3138 Ducatorunt

328 3141 423 3190 istius
451 3154 586 3180 monetae
601 3168 614 3187 ‚
641 3145 746 3180 unica
773 3145 947 3183 duntaxat
974 3147 1050 3182 vice
1062 3145 1231 3193 solvenda
1257 3147 1502 3185 concordavit.
1531 3149 1684 3195 Cumque
1705 3157 1767 3195 pro
1798 3147 2052 3195 confirmatione
2083 3149 2272 3198 hujusmodi
2300 3157 2435 3185 concor-

328 3190 394 3224 ὀίω
410 3191 599 3240 Apostolica
623 3192 732 3230 ‘Bulla
755 3192 776 3229 ἁ
794 3193 857 3243 fel.
882 3206 949 3230 rec.
973 3194 1045 3230 G're
1070 3197 1141 3231 orio
1167 3192 1256 3232 XV.
1276 3196 1394 3244 fuerit
1422 3197 1586 3239 obtenta,
1610 3195 1769 3246 illiusque
1799 3198 1953 3234 executio
1979 3196 2124 3235 Vicario
2148 3196 2314 3236 Generali
2336 3195 2432 3246 istius

333 3238 552 3292 Cathedralis
580 3241 785 3279 demandata
815 3256 891 3280 cum
915 3242 1067 3290 clausua
1103 3244 1195 3280 licita
1220 3255 1331 3280 tamen
1350 3268 1364 3288 ,
1396 3246 1431 3281 8<
1459 3246 1622 3289 honesta,
1640 3245 1719 3294 fuit
1744 3246 1925 3284 concordia
1955 3245 1976 3282 ὰ
2007 3247 2092 3283 ditio
2124 3245 2268 3284 Vicario
2297 3243 2429 3282 ratiha-

332 3284 405 3340 bfta
432 3287 475 3327 ὼ·
501 3287 697 3333 confirmata
712 3318 720 3326 .
746 3290 831 3340 ffam
856 3292 938 3328 vcro
968 3302 1044 3327 cum
1063 3291 1230 3340 summam
1258 3303 1365 3337 4000.
1393 3294 1620 3330 ‘Ducatorum
1646 3302 1710 3343 pro
1740 3295 1879 3342 integra
1905 3294 2100 3332 voluntatis
2124 3294 2288 3344 Defunfii
2316 3302 2434 3330 execu-

332 3341 425 3387 tiqne
451 3346 517 3369 non
533 3335 685 3391 sufficere
711 3363 722 3381 ,
756 3338 905 3388 effeflive
934 3349 1079 3388 pateat,
1106 3341 1229 3388 hicque
1254 3342 1391 3389 publico
1417 3341 1638 3391 Instrumenta
1670 3343 1933 3388 declaraverit,
1959 3354 2067 3382 totum
2082 3369 2095 3389 ,
2119 3345 2210 3392 quod
2233 3352 2296 3391 pro
2317 3339 2432 3389 perse·

330 3378 437 3434 {itone
457 3382 616 3429 praedtfiia
642 3385 858 3434 rieceffarium
876 3389 999 3437 foret,
1015 3389 1274 3439 subministrari
1298 3389 1419 3427 debere
1439 3414 1451 3431 ,
1470 3390 1548 3437 fuit
1576 3392 1614 3426 in
1642 3393 1682 3429 S.
1710 3393 1984 3441 Congregatione
2004 3394 2228 3435 dubitatum,
2251 3401 2298 3425 an
2313 3387 2429 3438 stante

328 3438 410 3475 jure
438 3430 565 3486 quaefito
598 3438 658 3476 per
688 3433 780 3470 diua
806 3437 1002 3474 donationis
1035 3440 1299 3487 acceptationem
1313 3460 1328 3483 ‚
1351 3438 1395 3477 P.
1422 3438 1604 3475 Generalis
1633 3440 1803 3477 mediante
1837 3441 1927 3478 disla
1955 3441 2179 3490 transaeiionc
2211 3439 2244 3475 ei
2274 3437 2429 3486 potuerit

332 3480 573 3513 “Mutare—³
599 3478 641 3518 ὼ·
669 3484 871 3520 examinatis
902 3487 974 3528 iis,
1003 3498 1076 3532 quae
1102 3488 1146 3522 ab
1181 3497 1330 3534 utraque
1351 3495 1453 3534 parte
1474 3495 1535 3534 per
1564 3486 1764 3525 relationem
1791 3488 1996 3540 illustrissimi
2029 3486 2231 3526 Cardinalis
2260 3486 2429 3524 Cremona

326 3523 432 3571 fuere
464 3524 628 3566 deduffa,
656 3538 812 3566 emanata
841 3532 885 3581 est
908 3534 1086 3581 sententia
1119 3537 1284 3582 negativa
1301 3559 1314 3578 ,
1349 3535 1392 3576 ὠ·
1424 3535 1664 3583 consequenter
1687 3538 1834 3587 decisum
1855 3562 1868 3582 ‚
1900 3538 2022 3574 difflam
2054 3535 2310 3584 transat'iionem
2336 3531 2428 3584 effe)

332 3569 462 3607 nullam
488 3596 500 3615 ,
534 3584 593 3607 nec
614 3581 674 3619 per
701 3575 842 3632 ‘Rullum
868 3581 1133 3627 confirmationis
1159 3586 1198 3619 in
1218 3583 1333 3631 forma
1362 3585 1529 3619 communi
1549 3610 1560 3625 ,
1584 3594 1625 3621 ut
1648 3587 1784 3633 supra,
1804 3587 1946 3623 obtenta
1972 3583 2226 3622 convalidatam
2244 3608 2257 3627 ‚
2283 3583 2326 3624 cb·
2353 3582 2428 3618 ideo

332 3617 544 3655 voluntatem
575 3618 754 3678 Testatorts
783 3630 973 3664 executum·
997 3630 1144 3667 dandam
1166 3629 1224 3681 effe
1249 3656 1259 3666 .
1295 3632 1448 3677 Cumque
1472 3633 1515 3667 ab
1539 3633 1745 3671 Haeredibus
1772 3643 1959 3682 opponatur
1977 3657 1991 3676 ‚
2014 3633 2109 3680 quod
2138 3631 2278 3669 Fratres
2307 3629 2426 3667 Fabri-

330 3678 403 3702 cam
420 3667 594 3723 superflue
621 3673 883 3730 propugnaculis
911 3676 956 3710 ad
985 3678 1116 3715 modum
1139 3679 1316 3716 Fortalitii
1336 3704 1349 3722 ,
1373 3681 1416 3721 ὠ·
1447 3678 1542 3727 longe
1569 3680 1665 3718 ultra
1688 3683 1750 3728 id,
1774 3682 1864 3730 quod
1884 3683 2085 3731 paupertati
2103 3704 2117 3724 ,
2143 3693 2244 3728 quam
2265 3679 2427 3730 profiten-

330 3723 390 3750 tur
406 3742 415 3757 2
441 3724 632 3771 convenit,
665 3719 826 3765 ampliare
856 3723 1039 3761 intendant
1055 3750 1068 3769 ‚
1094 3727 1259 3764 mandant
1293 3727 1417 3777 Illuslri
1440 3730 1496 3765 mn*
1529 3729 1669 3767 Domini
1701 3732 1798 3775 mei,
1822 3740 1863 3767 ut
1881 3731 2029 3780 formam
2057 3728 2207 3767 Fabricae
2234 3729 2316 3766 dmi·
2342 3726 2427 3766 Fra-

330 3771 399 3799 tres
428 3764 511 3801 dent
544 3762 638 3800 ‚llam
656 3789 667 3807 ‚
703 3778 776 3815 quae
808 3769 1114 3818 Constitutionibus
1131 3799 1145 3822 ‚
1176 3775 1220 3824 &f
1248 3787 1362 3814 eorum
1428 3776 1589 3826 eligionis
1620 3778 1776 3829 instituto
1809 3780 2064 3831 correspondeat
2083 3802 2098 3824 ,
2119 3779 2162 3827 &f
2198 3790 2266 3817 non
2288 3776 2394 3866 (ἰξίαν
2412 3801 2425 3813 .

2321 3837 2375 3863 ro·
