2618 4108
372 235 545 326 252
983 252 1001 285 ν
1116 210 1631 303 Cufiodia

324 330 348 359 ν’
396 324 605 364 Venerando
629 324 739 365 Pater
754 323 794 362 in
809 323 943 375 Christo
956 349 967 362 .
993 323 1197 377 Recepimus
1227 328 1402 380 Eoisiolam
1418 331 1506 370 Pae.
1527 335 1607 371 Sua
1629 343 1707 368 cum
1722 332 1815 383 cisra
1829 344 1967 373 annexa
1980 357 1993 378 ‚
2017 335 2090 384 qud
2103 338 2166 376 nos
2178 341 2222 378 de
2236 342 2462 395 circumstan-

300 375 362 416 tiis
378 377 531 424 Persona
544 403 554 417 ‚
580 387 654 425 quae
669 374 783 413 Romae
807 377 847 411 ob
856 374 1038 415 tracianda
1055 380 1194 425 negotia
1210 378 1291 416 Pat-
1307 380 1387 417 Suae
1407 391 1489 418 nota
1504 384 1705 423 morabatur
1720 407 1733 427 ‚
1757 386 1923 421 certiores
1943 384 2100 429 reddidit
2110 411 2124 423 .
2153 390 2261 428 Circa
2265 393 2461 442 stimulum,

299 439 400 475 quem
418 425 478 462 dat
492 450 505 468 ‚
532 435 701 472 quatenus
727 428 801 463 Sua
830 423 991 475 Maiestas
1018 427 1065 464 D.
1078 427 1210 466 “Patris
1234 429 1300 465 mei
1322 438 1455 477 negotio
1476 433 1574 479 pacis
1599 433 1694 468 inter
1722 444 1907 482 utramque
1930 435 2103 472 Coronam
2116 438 2191 485 sese
2213 441 2456 490 intromittat,

301 474 453 514 trafiavi
470 486 547 510 cum
566 473 680 511 eadem
694 476 769 512 Sua
785 473 986 524 Majestaee,
1011 488 1115 525 quam
1138 486 1253 514 antem
1266 502 1280 521 ‚
1296 478 1328 526 fi
1349 478 1476 516 litterae
1493 479 1714 531 efficaciffima
1739 495 1807 518 non
1814 484 2075 532 superveniant
2087 509 2100 529 ‚
2121 482 2247 535 parum
2259 494 2455 542 propensam

301 525 414 573 reperi
432 534 442 557 z
468 523 527 559 hoc
540 534 654 560 autem
675 524 760 571 suffio
772 549 785 568 ‚
816 525 855 560 id
869 548 881 567 ‚
907 526 999 573 quod
1010 527 1144 572 petitur
1158 552 1170 571 ‚
1188 525 1274 574 fieri
1289 550 1301 570 ,
1325 528 1368 570 ὠ·
1382 529 1456 565 Sua
1471 529 1634 578 Majestas
1647 555 1659 573 ‚
1686 541 1726 568 ut
1742 541 1883 580 optatur
1897 557 1909 577 ,
1927 533 2000 582 sese
2014 533 2200 583 immiscere
2207 541 2358 584 poterit.

400 571 531 620 Qud
553 575 691 620 negotia
708 570 747 610 V
742 572 904 612 altellinae
921 599 933 618 ‚
961 575 1054 611 nihil
1066 577 1163 612 nobis
1177 575 1305 633 constat
1318 601 1331 621 ‚
1357 578 1529 615 credimus
1551 588 1670 615 tamen
1683 604 1694 622 ‚
1719 582 1811 629 quod
1829 610 1837 622 ,
1855 582 1889 632 fi
1911 583 2047 623 Fut-S.
2061 585 2195 634 infimul
2216 599 2292 624 cum
2303 589 2455 633 Litteris

300 620 546 673 interceffiariis
558 646 569 665 ‚
595 633 642 672 ut⁴
651 625 726 661 Sua
740 622 900 674 Majestas
913 626 953 661 in
964 626 1080 673 prima
1095 626 1197 674 causa
1210 626 1283 674 sese
1308 626 1511 673 interponat
1523 651 1536 671 ,
1561 639 1601 664 ea
1617 626 1732 666 Nobis
1753 632 2007 680 perscriberet,
2031 631 2090 669 hoc
2114 634 2222 683 ipsum
2244 638 2326 673 Suae
2339 639 2455 689 Majea

289 670 376 721 stati
403 672 448 707 ad
461 670 698 720 resolutionem
702 673 851 722 facilius
865 674 1065 722 capiendam
1080 674 1195 711 calcar
1210 675 1338 712 addere
1348 674 1477 727 poffit3
1502 678 1663 725 quamvis
1681 680 1784 715 etiam
1814 693 1868 717 ine
1882 680 1944 718 hoc
1955 680 2173 728 punfiualem
2196 686 2358 722 notitiam
2372 689 2451 726 No·

298 721 352 756 bis
371 720 452 757 dari
466 729 616 769 optemus
635 747 646 758 .
673 722 793 770 Magis
817 720 971 771 dislinfiie
987 723 1108 760 Eidem
1143 722 1380 775 cripstffemus;
1412 737 1489 762 cum
1515 735 1631 762 autem
1640 727 1787 776 supellec
1803 730 1882 767 ilem
1897 730 2043 780 nostram
2057 731 2100 773 &⁴
2111 745 2189 769 cum
2203 746 2243 771 ea
2257 734 2449 773 tabulam..

287 770 514 819 scriptoriam
527 795 543 814 ,
570 771 611 806 in
625 782 693 819 qua
707 772 799 820 cifra
813 770 927 821 nostra
951 771 1067 822 clausa
1083 786 1099 810 e
1141 797 1154 817 ‚
1178 783 1260 811 ante
1287 773 1423 823 aliquot
1433 774 1508 811 dies
1534 775 1581 811 ad
1593 775 1702 813 locum
1715 800 1728 820 ,
1753 779 1815 815 ubi
1843 779 1956 828 nostra
1981 780 2139 828 deinceps
2155 782 2329 820 habitatio
2350 787 2421 823 erit
2434 812 2447 830 ,

296 817 571 867 ablegaverimus
589 847 599 863 ,
625 821 790 871 refidaum
814 822 862 857 ad
884 820 1031 871 nostrum
1052 824 1104 861 ibi
1126 821 1302 873 appulsum
1318 822 1460 876 differre
1483 824 1637 873 cogimur
1653 850 1664 862 .
1691 827 1838 866 Interim
1853 827 1933 868 Nos
1941 829 2021 880 suis
2045 830 2087 870 S.
2097 830 2335 872 Orationibus
2349 833 2448 873 devo·

299 879 444 907 vimus·
471 865 655 918 Varsavi’ae
680 884 714 921 3·
737 869 840 924 Julii·
859 877 964 920 ¹⁶²5·
1552 925 1812 979 vladislaus
1844 928 2131 998 sigismundus

312 1081 317 1087 .
391 1048 535 1098 Qbus
563 1050 691 1090 litteris
713 1051 838 1090 eodem
862 1051 974 1091 mense
1001 1052 1236 1102 superaddidit
1261 1052 1298 1090 δι
1318 1053 1404 1092 alins
1430 1053 1492 1092 sub
1512 1054 1579 1094 hoe
1598 1066 1740 1097 tenore:

390 1146 597 1188 Vena-rande
618 1149 727 1189 Pater
748 1152 787 1187 in
802 1150 934 1202 Christo
948 1179 958 1189 .
988 1151 1149 1202 Tempore
1165 1180 1175 1196 ,
1198 1163 1264 1200 quo
1279 1151 1428 1202 nostrum
1441 1150 1626 1193 Nuntium
1637 1150 1811 1194 Viennam
1822 1155 2063 1207 ablegavimus
2074 1182 2090 1203 ,
2107 1155 2345 1210 Jflptrvenlre
2368 1160 2445 1200 due

290 1198 387 1237 Pae.
400 1200 472 1244 suae
484 1198 622 1248 epistolae
633 1224 645 1243 ,
672 1200 818 1250 unasub
834 1201 892 1240 26.
908 1201 1048 1251 Aprilis
1061 1214 1136 1239 cum
1149 1201 1241 1251 cifra
1255 1227 1264 1242 ,
1292 1203 1336 1244 ὼ·
1351 1201 1495 1287 αΙὶαΙΙιιΙι
1509 1215 1527 1240 2
1533 1216 1566 1251 5.
1581 1205 1676 1242 Maii
1691 1205 1776 1243 data
1791 1219 1801 1242 t
1828 1219 1904 1244 cum
1912 1217 2028 1244 autem
2046 1206 2183 1245 extensi
2198 1207 2232 1245 'ei
2251 1207 2445 1254 scribamus

283 1257 350 1298 per
364 1248 510 1299 nostrum
523 1249 663 1286 celerem
678 1248 1029 1300 Nuntinmssxpressi
1038 1251 1130 1287 hunc
1146 1252 1185 1286 in
1192 1249 1299 1298 finem
1310 1253 1350 1287 in
1363 1251 1418 1288 Ita
1433 1253 1501 1288 iam
1515 1253 1710 1302 expeditum
1722 1278 1736 1299 ,
1762 1256 1802 1291 in
1815 1254 1901 1304 hisce
1912 1256 1958 1292 ad
1971 1255 2072 1293 aliud
2102 1254 2183 1296 Nos
2206 1268 2276 1293 non
2287 1259 2444 1296 extendi-

289 1309 365 1334 mus
382 1323 392 1340 ,
404 1296 588 1383 'solumque
601 1309 760 1346 rogamus
775 1323 786 1339 ‚
812 1309 854 1335 ut
873 1301 1035 1337 minutim
1048 1297 1128 1338 Nos
1141 1299 1184 1335 de
1199 1300 1245 1336 iis
1256 1324 1269 1345 ,
1286 1311 1360 1348 quae
1364 1299 1560 1348 succedunt
1570 1327 1582 1347 ,
1607 1303 1730 1353 ipsique
1742 1304 1906 1345 contiuuo
1931 1315 2013 1342 nota
2028 1304 2119 1354 sunt
2133 1330 2146 1350 ,
2170 1306 2335 1343 certiores
2356 1308 2438 1345 red-

289 1346 354 1383 dat
367 1371 377 1382 .
441 1358 458 1382 e
474 1357 618 1391 catera,
632 1358 708 1384 cum
723 1348 763 1383 in
774 1346 908 1384 litteris
921 1370 933 1390 ,
956 1360 1042 1396 quas
1073 1349 1115 1385 de
1141 1348 1228 1384 dieto
1252 1348 1360 1398 nostro
1381 1347 1528 1390 Nuntio
1549 1353 1691 1401 recipiet
1723 1376 1737 1398 ,
1762 1353 1923 1402 completa
1949 1365 2070 1392 eorum
2083 1378 2097 1399 ‚
2120 1363 2195 1403 quit
2215 1366 2406 1394 occurrunt
2423 1380 2440 1403 ‚

287 1397 511 1432 contineatur
535 1394 658 1432 relatio
671 1419 685 1440 ,
711 1395 1021 1448 impraesentiaruin
1039 1395 1140 1436 aliud
1162 1407 1232 1433 nen
1251 1406 1368 1448 exopto
1389 1422 1403 1443 ‚
1429 1397 1533 1447 quam
1548 1425 1560 1444 ,
1579 1409 1622 1438 ut
1638 1413 1689 1441 me
1707 1401 1930 1453 SanEiissuis
1942 1404 2167 1442 orationihus
2186 1405 2409 1444 commendem
2424 1431 2436 1444 .

294 1442 452 1487 Galubiae
469 1449 524 1487 16.
538 1443 638 1496 ilum
655 1446 759 1493 ¹⁶²5·

1271 1532 1529 1588 vladislaus
1557 1532 1840 1606 sigismundus
1856 1576 1870 1591 .

307 1657 310 1660 “
384 1655 537 1694 Flamma
551 1655 813 1700 discordiarum,
823 1663 900 1703 'que
912 1653 1023 1692 dirius
1040 1654 1169 1704 semper
1184 1653 1221 1691 in
1237 1654 1424 1694 Germtnia
1438 1653 1566 1700 saeviit,
1577 1666 1616 1693 ut
1629 1657 1766 1696 tandem
1779 1659 1954 1697 sedaretur
1966 1682 1980 1704 ,
2003 1659 2047 1698 de
2061 1659 2224 1705 cogendo
2236 1656 2436 1702 Principum

287 1703 447 1743 consessu
465 1706 582 1743 denuo
594 1706 775 1751 agebatur,
786 1706 828 1742 de
843 1717 916 1753 quo
927 1704 1008 1742 dum
1023 1704 1239 1754 Hyacinthus
1250 1703 1505 1745 Sereniffimum
1519 1706 1753 1747 Archiducem
1767 1708 1966 1748 informavit
1985 1732 2000 1756 ‚
2009 1710 2052 1747 ab
2064 1708 2132 1745 hoc
2152 1708 2332 1757 sequentes
2343 1706 2438 1752 Reiz

291 1753 474 1802 po‘nsorias
490 1756 646 1804 percepit
661 1781 672 1791 .

381 1850 473 1889 Rev.
489 1853 599 1891 Pater
613 1880 623 1891 .
651 1852 811 1892 Reddita
831 1853 918 1891 mihi
927 1854 1017 1904 sunt
1028 1852 1173 1902 diversa
1183 1876 1197 1897 ‚
1222 1865 1308 1902 quas
1321 1855 1367 1892 ad
1389 1865 1440 1890 me
1453 1852 1552 1890 dedit
1572 1853 1790 1894 Reverentia
1807 1855 1939 1908 Vestra,
1953 1856 2092 1900 littera,
2109 1854 2297 1907 prasertim
2320 1862 2435 1891 autem

286 1899 455 1950 postrema
474 1914 525 1950 ¹9·
541 1903 589 1946 Θ·
605 1904 661 1940 26.
676 1902 777 1953 ‘Julii
781 1903 923 1953 scriptae
935 1927 950 1948 ‚
976 1913 1017 1940 eu
1055 1903 1159 1941 uibus
1173 1915 1233 1946 ea,
1260 1915 1336 1953 quie
1350 1902 1396 1941 ad
1411 1903 1473 1941 Me
1483 1913 1559 1941 tuin
1573 1905 1614 1940 in
1627 1904 1780 1954 publicis
1796 1917 1876 1945 tum
1912 1907 2047 1944 rivatis
2061 1905 2249 1943 renuntiat
2259 1928 2273 1949 ,
2297 1901 2436 1940 abunde

280 1951 443 1999 percepi.
471 1951 542 1989 Pro
566 1955 895 1997 communica-tione,
916 1963 1002 2001 quas
1044 1951 1120 1988 ebeo
1133 1976 1146 1996 ,
1166 1953 1307 2000 gratias
1321 1952 1428 1989 habeo
1441 1976 1456 1995 ‚
1481 1952 1525 1993 ό·
1536 1975 1549 1994 ,
1575 1963 1617 1990 iit
1630 1953 1692 1991 illa
1705 1953 1727 1990 a
1747 1953 1794 1992 R.
1811 1952 1856 1993 V.
1894 1956 2035 2003 einceps,
2045 1955 2150 1991 etiam
2156 1954 2409 2010 frequentetur
2421 1971 2436 1992 ι

283 2008 401 2047 exopto
414 2024 424 2035 .
453 2001 568 2049 Super
588 2000 685 2038 illius
712 2001 897 2051 ..Vidiffione
918 2001 965 2037 ad
986 2000 1207 2037 Conventum
1231 2001 1490 2050 Deputatorum
1510 2000 1721 2051 Principum
1735 2026 1748 2046 ‚
1774 2005 1837 2052 qui
1859 2003 1946 2041 mihi
1967 2003 2037 2039 non
2061 2002 2156 2040 mod&
2181 2001 2272 2040 nulli
2286 2009 2431 2058 penitus

285 2047 452 2098 offenfioni
467 2073 478 2092 ,
491 2050 556 2098 sed
568 2051 703 2092 omnino
710 2050 917 2101 gratiffimus
931 2071 944 2094 ‚
968 2059 1105 2098 meoque
1110 2048 1246 2098 judicio
1256 2050 1341 2086 bono
1349 2048 1490 2099 publico
1505 2050 1812 2101 expedientiffimus
1825 2054 1897 2090 erit
1913 2076 1928 2097 ,
1950 2063 2018 2089 non
2026 2051 2163 2100 pridem
2174 2050 2329 2100 respondi
2345 2060 2359 2089 3
2372 2059 2431 2083 in-

281 2106 377 2136 terea
394 2101 555 2145 temporis
567 2097 705 2137 litteras
715 2099 761 2136 ad
771 2110 892 2138 manus
907 2097 1005 2147 ipsius
1013 2097 1248 2147 pervenisses
1260 2100 1446 2138 eraLDeum
1456 2108 1572 2138 autem
1580 2107 1820 2150 praepotentem
1835 2102 1991 2139 omnibus
2001 2101 2094 2139 votis
2107 2100 2318 2138 exorandum
2326 2105 2429 2155 puto,

279 2155 321 2183 ut
327 2146 461 2194 semina
482 2146 734 2196 discordiarum
746 2172 760 2194 ‚
806 2159 857 2185 uae
877 2149 971 2184 inter
981 2146 1216 2196 potentiffimos
1252 2147 1440 2197 *eipnblicae
1454 2147 1657 2198 Christiana
1671 2150 1854 2199 Principes
1876 2149 2089 2200 jaffasunm
2112 2150 2181 2187 cito
2195 2149 2356 2195 extingui
2380 2146 2426 2187 ὼ·

276 2195 482 2240 'evanescere
506 2196 621 2240 velit,
649 2209 692 2234 ne
717 2198 897 2234 radicibus
907 2195 1015 2234 altius
1035 2194 1118 2231 attis
1143 2196 1282 2233 tandem
1304 2199 1343 2233 in
1375 2206 1533 2247 apertum
1557 2207 1766 2247 erumpant,
1791 2199 1835 2241 ὁ·
1861 2198 1934 2236 und
1957 2210 2034 2236 cum
2058 2197 2130 2247 ipsis
2149 2196 2343 2235 auetoribui
2369 2203 2424 2253 to-

282 2250 356 2287 tam
371 2243 672 2294 Christianitatem
696 2249 734 2282 in
746 2256 935 2284 extremum
947 2255 1064 2281 rerum
1085 2243 1269 2293 discrimen
1278 2247 1498 2295 praecipitent
1511 2273 1520 2283 .
1587 2248 1653 2283 uod
1665 2248 1835 2296 reliquum
1848 2247 1894 2298 est
1905 2273 1919 2294 ,
1943 2247 2169 2286 Reverentia
2193 2241 2422 2297 veslraesolita

278 2294 654 2348 gratiaepropenfione,
680 2305 722 2335 ut
731 2296 869 2347 semper
881 2320 898 2341 ,
919 2291 1114 2336 inclinatus
1134 2293 1256 2345 exilio·
1280 2296 1414 2336 Datum
1436 2293 1594 2349 Paffavi'i
1615 2298 1673 2335 26.
1690 2298 1789 2346 Aug.
1805 2298 1908 2345 1625.

1597 2396 1833 2466 Leopoldus
1849 2434 1863 2448 .

295 2540 301 2548 ⁸
374 2534 429 2572 P.
453 2537 491 2576 S·
518 2536 616 2576 Heri
636 2548 658 2573 a
677 2535 842 2585 palernnt
861 2533 947 2575 PF.
964 2534 1166 2581 Romanus,
1189 2534 1233 2578 ὰ
1246 2532 1482 2581 Valeriam,
1507 2538 1570 2586 qui
1589 2549 1668 2575 cras
1686 2536 1839 2576 mecumt'
1862 2545 1955 2573 unus
1970 2532 2105 2583 quidem
2124 2529 2422 2592 Viennam-dier

278 2584 362 2627 vero
377 2586 539 2623 Lincium
551 2612 563 2627 ,
576 2595 634 2623 ten
661 2596 722 2624 ent
738 2599 747 2622 ι
775 2587 865 2635 quod
878 2585 899 2622 ὰ
912 2585 955 2623 P.
969 2584 1173 2643 Vejlrafuit
1191 2583 1391 2644 commiffum
1402 2612 1416 2630 ,
1442 2588 1486 2623 ab
1504 2588 1551 2623 ils
1566 2586 1653 2624 mihi
1678 2585 1827 2625 relatum
1851 2583 1895 2635 est
1905 2609 1916 2621 .
1943 2583 1985 2621 In
2008 2582 2165 2621 adventu
2187 2592 2257 2618 meo
2275 2578 2421 2620 Vienna

286 2636 378 2681 omni
387 2659 402 2680 ,
428 2647 494 2684 quo
509 2644 629 2690 potero
640 2662 651 2680 ,
666 2645 792 2677 conatu
802 2660 814 2680 ,
838 2644 957 2673 notum
972 2644 1146 2684 negotium
1161 2634 1364 2685 Imperatori
1379 2636 1613 2675 commendabo
1623 2660 1635 2672 .

376 2734 434 2771 De
454 2734 549 2770 Foro
563 2734 668 2771 traxit
685 2734 771 2772 Eum
786 2734 900 2772 denuo
913 2745 1020 2772 annus
1033 2730 1229 2771 millefimus
1241 2733 1501 2774 sexcentefimui
1521 2735 1707 2781 vigesimus
1721 2734 1836 2773 sextus
1848 2733 1892 2770 ad
1908 2731 2125 2777 Evangelum
2134 2730 2206 2770 Dei
2219 2756 2229 2773 ‚
2246 2731 2345 2779 quod
2353 2731 2422 2790 5¹¹5

277 2781 396 2828 Regia
426 2783 755 2830 Parthenopenlium
781 2783 935 2821 Civitate
979 2783 1163 2828 praedicare
1205 2783 1423 2832 Hyacinthus
1469 2784 1590 2822 debuit
1620 2798 1631 2822 t
1675 2783 1824 2822 fruEium
1856 2783 1906 2819 ibi
1940 2781 2126 2818 colleetum
2154 2781 2302 2829 ‘ipsemet
2327 2781 2422 2823 Patri¹

276 2831 436 2870 Nicolao
453 2832 549 2867 Pauli
578 2834 597 2869 ὲ
618 2834 755 2869 Verona
771 2857 780 2873 ,
805 2831 993 2870 Casalenfis
1016 2832 1174 2868 oratorii
1189 2833 1421 2883 Presbytero,
1435 2834 1491 2872 his
1503 2835 1711 2872 encomiavit
1737 2834 1854 2873 verbis
1872 2848 1880 2867 ι
1906 2829 2155 2868 celebravimus
2175 2839 2238 2875 40.
2256 2830 2419 2888 horarum

280 2879 490 2919 Orationem
511 2890 610 2921 tanto
626 2880 749 2930 frufiu
763 2893 802 2918 ac
817 2881 948 2931 bnjatis
958 2879 1075 2930 populi
1093 2879 1317 2935 aedificatione
1329 2906 1342 2926 ‚
1361 2883 1483 2932 forsan
1495 2883 1622 2934 majore
1635 2908 1648 2928 ‚
1673 2897 1713 2921 ac
1729 2882 1808 2920 olim
1833 2879 2028 2938 Mediolani
2054 2879 2130 2929 visa
2146 2879 2226 2929 fuit
2240 2903 2251 2915 .
2276 2877 2420 2936 Princi-

270 2936 331 2978 pes
345 2942 401 2977 40.
417 2929 446 2965 S
448 2941 526 2965 acco
538 2931 748 2977 poenitentiae
762 2931 881 2971 indari
888 2929 1228 2979 fueresodalitatum
1247 2930 1291 2973 (θ’
1306 2931 1558 2969 parochiarum
1575 2933 1739 2970 Dufiiores
1748 2934 1823 2976 &a
1840 2930 2003 2986 Prodigia
2029 2928 2294 2966 conversionum
2313 2938 2348 2963 tn
2358 2937 2417 2974 Ju-

273 2979 380 3015 riclIca
403 2979 437 3015 &
454 2979 589 3024 publica
604 2980 678 3016 aGta
689 2978 781 3017 fuere
798 2980 959 3026 congesta
974 3002 988 3024 ‚
1001 2983 1034 3015 &
1052 2981 1158 3016 Mons
1179 2979 1456 3025 Agonizantium
1468 3006 1481 3026 ,
1495 2981 1529 3021 in
1544 2982 1686 3019 Ecclefiit
1702 2984 1741 3021 S.
1759 2980 1878 3018 Mariae
1892 2979 2106 3037 Angtllnrum
2130 2977 2173 3013 ad
2186 2978 2303 3035 fil-tare
2317 2975 2413 3011 Cru-

248 3057 260 3070 ,
275 3027 369 3067 cifixi
393 3029 435 3065 ab
460 3026 525 3064 lllo
540 3028 733 3067 institutus,
755 3029 805 3066 est
819 3039 972 3076 perenne
986 3028 1188 3076 Apostolici
1203 3030 1269 3069 zeli
1287 3041 1565 3071 monumentum.
1594 3031 1800 3068 vanitatem
1815 3029 1971 3074 obsequti
1983 3050 1999 3071 ,
2023 3037 2127 3073 quam
2150 3026 2289 3062 Civitas
2312 3034 2414 3073 parn-

278 3076 364 3121 bat‚
388 3079 563 3116 vitaturus
585 3080 671 3116 clam
684 3089 774 3115 mare
787 3077 983 3116 conscendit
998 3100 1012 3121 ‚
1037 3077 1072 3113 ἃ
1090 3078 1202 3121 Signo
1217 3077 1343 3115 Crucis
1366 3081 1444 3116 huic
1459 3079 1636 3121 malaciam
1661 3079 1807 3117 restituit
1828 3105 1836 3114 .
1958 3122 1968 3133 ⁸
2111 3123 2122 3132 ⁶
2164 3124 2175 3134 ·

375 3126 555 3165 Reducem
581 3128 757 3173 Neapolis
771 3130 791 3165 it
806 3130 896 3175 Papa
922 3126 1074 3174 postulat
1086 3147 1099 3166 ,
1121 3127 1156 3163 &
1188 3127 1301 3163 Roma
1321 3126 1381 3164 libi
1396 3139 1478 3166 tunc
1500 3128 1680 3177 proprium
1697 3127 1812 3164 voluit
1825 3137 1855 3183 ς·
1867 3125 1984 3180 volunt
2002 3122 2098 3182 [uum
2111 3136 2147 3160 tn
2164 3123 2230 3161 tllo
2256 3131 2412 3170 tempore

277 3173 510 3215 tribulationis
522 3175 763 3218 Confiliatium
779 3203 790 3214 .
818 3175 1175 3215 HaerefisGermaniae
1199 3173 1264 3213 suae
1279 3177 1455 3224 phalangis
1466 3175 1733 3214 Architalafl'um
1755 3176 1872 3220 selegit
1890 3173 2122 3210 Chnstmnum
2142 3184 2201 3210 tv.
2229 3173 2412 3229 Danoruru

275 3222 434 3267 Regem,
459 3225 493 3261 8(
517 3225 610 3262 illius
630 3236 752 3262 contra
771 3226 946 3264 Caesareos
972 3223 1190 3272 praepotentia
1227 3223 1365 3262 incuffit
1398 3237 1534 3274 aequum
1566 3224 1721 3263 exitialis
1747 3224 1845 3261 sortis
1876 3222 2033 3259 timorem
2071 3234 2094 3281 ε.
2119 3223 2224 3280 {olus
2258 3221 2414 3278 Hyaftn-

274 3270 352 3307 thus
369 3272 406 3306 Β.
422 3272 469 3311 V.
494 3273 611 3311 Mariae
635 3274 788 3323 praefidio
811 3274 934 3319 fretus,
948 3273 1075 3310 animat
1101 3273 1239 3313 Litteris
1258 3274 1431 3324 Principes
1450 3285 1571 3311 contra
1591 3274 1697 3320 Spem
1722 3273 1757 3310 in
1773 3274 1880 3321 Spem
1895 3296 1903 3311 ,
1928 3272 1963 3308 &
1995 3269 2238 3308 Maxrmtltano
2254 3271 2348 3306 Duct
2372 3269 2408 3305 δε

279 3309 431 3356 ΕΙεξὶοτί
455 3322 608 3360 Bavariae
628 3333 755 3360 certam
774 3322 921 3372 spondet
939 3322 1120 3364 vietoriam
1141 3334 1152 3358 ε
1177 3323 1359 3368 augurium
1370 3324 1559 3373 suspectum
1585 3322 1749 3360 reddebat
1760 3319 1924 3370 temporis
1942 3319 2146 3364 calatnitas,
2172 3320 2264 3379 spem
2293 3329 2407 3355 tumen

275 3367 452 3403 chariffimi
474 3371 632 3417 triumphi
650 3374 732 3409 Dux
746 3384 790 3414 ex
803 3373 947 3410 aliarum
974 3370 1236 3420 praedictionum
1260 3375 1423 3421 exemplo
1448 3371 1682 3420 praesumpfit,
1709 3373 1744 3409 81
1763 3383 1810 3408 ex
1829 3371 1962 3415 strage,
1987 3381 2055 3417 qua
2082 3372 2319 3425 haereticorum
2343 3377 2408 3411 ag-

278 3426 356 3455 men
379 3416 444 3499 {ugt
458 3418 644 3465 dispersum
660 3445 673 3466 ,
694 3422 730 3457 '8t
744 3424 868 3460 Danus
882 3421 917 3459 in
930 3421 1049 3470 fugam
1071 3419 1168 3461 naus
1182 3445 1195 3466 ‚
1220 3419 1252 3458 se
1275 3422 1311 3458 in
1326 3423 1389 3459 illa
1412 3434 1484 3459 non
1509 3420 1688 3459 confusum
1711 3420 1808 3459 fuiffe
1823 3445 1837 3466 ,
1861 3419 2035 3459 extollens
2049 3429 2170 3456 manus
2190 3416 2264 3452 suas
2292 3427 2327 3451 m
2353 3416 2406 3451 nl-

281 3465 353 3499 ‘tum
391 3477 409 3500 a
426 3476 483 3503 sus
501 3468 549 3503 est
563 3491 573 3501 .

374 3513 589 3560 Tripudians
616 3517 749 3560 Roma,
775 3529 815 3556 ut
842 3520 911 3557 haec
935 3518 1112 3559 felicitatis
1139 3518 1330 3565 preludia,
1357 3518 1546 3569 Hyacinthi
1570 3531 1676 3567 opera
1696 3519 1868 3557 foecundet
1891 3541 1904 3562 ‚
1931 3515 1967 3552 3:
2001 3514 2050 3550 rei
2075 3513 2270 3571 Catholicae
2297 3512 2405 3561 syste-

279 3569 367 3599 mata
392 3561 551 3599 secundet
564 3587 576 3608 ‚
600 3565 697 3602 illum
719 3569 832 3605 denuo
846 3573 880 3605 δι
893 3570 1059 3616 Legatum
1074 3573 1107 3604 δι
1123 3566 1373 3606 Miffionarium
1392 3569 1636 3614 Apostolicum
1658 3569 1692 3604 in
1708 3566 1938 3606 Germaniam
1951 3564 2096 3609 deputat
2110 3591 2118 3600 .
2142 3562 2321 3599 Obedtens
2337 3573 2407 3599 ex·

275 3609 360 3655 ⁶⁵9³!
374 3609 504 3647 Ufbmi
518 3614 754 3651 oraculum&
770 3617 1000 3655 Archiducem
1013 3615 1229 3666 Leopoldum
1250 3617 1392 3667 desuper
1406 3617 1503 3655 inico
1515 3617 1702 3662 informat,
1727 3617 1832 3666 qui&
1853 3616 1896 3652 de
1918 3623 2094 3661 concepto
2115 3618 2298 3661 propterea
2313 3610 2405 3648 sola·

278 3658 331 3694 tio
357 3659 391 3695 Η
420 3659 590 3696 acinthum
614 3662 738 3699 erudiit
760 3666 905 3708 epistola
925 3667 1110 3716 sequente·
2220 3709 2230 3718 .
2269 3707 2279 3718 ,

413 3708 578 3746 everende
600 3709 728 3748 Pater.
757 3711 934 3750 Peculiari
948 3714 1078 3763 gaudio
1100 3725 1141 3751 ex
1160 3713 1291 3752 litteris
1321 3714 1540 3753 Reverentia
1567 3711 1691 3766 Vestra
1706 3714 1775 3763 sub
1801 3711 1965 3761 trigesimo
1993 3709 2281 3795 menfis·!rox¹m⁶
2304 3707 2405 3768 ‘qufi

266 3755 413 3803 fignatis
433 3756 588 3794 intellexi
600 3783 613 3802 ,
638 3759 788 3807 qualiter
802 3761 911 3798 denuo
925 3764 964 3799 in
977 3764 1200 3802 Germaniam
1213 3765 1329 3801 redire
1343 3777 1416 3802 eam
1427 3773 1601 3814 oporteat:
1614 3765 1658 3806 &⁶
1671 3761 1778 3813 digni
1789 3786 1802 3806 ,
1825 3771 1899 3799 tum
1913 3786 1923 3803 ,
1936 3760 2026 3809 quod
2037 3758 2110 3818 vali
2138 3757 2297 3807 amsuam
2312 3756 2399 3796 Vir-

275 3814 385 3840 tutem
395 3832 404 3847 ,
431 3806 567 3854 otiosam
591 3808 662 3854 (uti
676 3808 818 3854 voluit)
843 3811 881 3845 in
894 3813 1004 3848 tantis
1018 3811 1206 3862 angustiis,
1217 3814 1406 3863 prasertim
1419 3811 1695 3872 Christianitatis
1710 3836 1723 3856 ‚
1746 3822 1884 3848 manere
1910 3821 1978 3847 non
1991 3809 2170 3859 expediat,
2196 3817 2271 3845 tum
2285 3834 2295 3851 2
2313 3804 2404 3856 ‘1⁸⁰3

275 3853 317 3895 ὁ·
331 3865 389 3903 ego
411 3849 477 3903 ipse
504 3854 712 3906 summopere
745 3856 839 3893 illam
851 3859 972 3898 videre
996 3861 1039 3911 θῇ
1061 3861 1103 3899 dt
1124 3860 1289 3912 plurimis
1314 3874 1390 3901 cum
1413 3875 1453 3903 ea
1478 3858 1636 3916 differere
1659 3861 1816 3911 cupiam.
2248 3905 2356 3958 Qd
