2664 4114
895 205 1595 322 Neapolitana.

197 317 546 375 Conceffionem
575 323 810 373 variarum>
832 319 1094 372 'Terrarum
1126 341 1219 374 tam

265 392 324 441 ad
347 391 554 442 Mensam
580 387 1019 457 Archiepiscopalem
1037 429 1051 450 ,
1081 400 1217 461 quam

264 463 515 527 quamdam
540 460 827 514 Praebendam
856 463 1220 516 canonicalem.

266 531 466 599 Neapoli
506 531 800 600 spestantium
829 565 844 588 ,
889 530 936 581 δε
978 535 1218 603 illegitime

264 619 350 670 pro
375 602 705 651 construe'tione
728 618 856 649 novae
877 602 1054 652 Domus
1083 608 1127 652 in
1155 608 1218 654 lo·

265 690 323 720 co
356 675 519 735 Turris
545 671 736 721 Ostavae
774 671 831 718 ad
870 675 1048 721 Fratres
1074 674 1214 721 trans-

263 743 461 793 latarum
474 739 637 800 ,causss
662 740 718 789 ad
746 737 787 788 se
804 741 994 790 avocata
1022 741 1209 801 validat3

264 814 314 861 in
362 813 721 880 recognitionem
754 841 768 865 ‚
812 829 864 859 ae
901 813 1005 861 loco
1043 810 1218 878 respon·

263 881 398 930 fionis
450 881 540 933 διε.
590 880 775 949 fingulis
822 882 946 929 annis
999 884 1044 930 in
1088 882 1218 931 Festo

262 953 311 1001 T
314 953 599 1002 tanslationis
637 957 685 1001 S.
713 953 923 1019 Januarii
958 954 1106 1000 claves
1135 957 1220 1001 Ec·-

264 1021 441 1079 clefiae‚
483 1021 530 1073 ὅε
565 1022 828 1072 Monasterii
867 1019 1225 1088 Archiepiscopo

263 1109 351 1160 pro
380 1108 586 1160 tempore
614 1090 816 1141 existenti
842 1088 1130 1158 confignari3
1162 1094 1226 1139 in-

263 1159 408 1229 fignia
429 1159 633 1210 Ecclesiae
653 1159 965 1225 Neapolitanae
994 1163 1038 1207 in
1067 1160 1226 1210 eadem

261 1227 464 1279 Ecclesia
490 1231 648 1298 pingi,
677 1227 791 1297 figi,
820 1230 894 1278 vel
923 1231 1149 1297 appendi3
1177 1251 1228 1281 ae

264 1301 313 1348 in
345 1298 450 1349 casu
482 1298 677 1349 recessus
717 1304 931 1349 Fratrum
958 1334 972 1356 ,
1007 1317 1086 1351 aut
1120 1321 1231 1370 prae-

265 1367 513 1426 sentatione
532 1372 753 1420 Clavium
777 1388 854 1438 per
877 1369 1112 1420 biennium
1140 1391 1231 1422 non

265 1436 384 1489 fasti
403 1476 418 1498 ,
453 1438 698 1490 Ecclesiam
725 1459 832 1490 curn
867 1441 1143 1491 Monasterio
1174 1444 1232 1491 ad

263 1509 477 1561 Mensam
510 1510 964 1580 Archiepiscopalem
992 1514 1131 1580 pleno
1161 1518 1232 1576 ju·

267 1598 317 1629 re
338 1581 482 1631 redire
504 1617 520 1640 ,
556 1579 695 1631 sancit
711 1619 723 1631 .

193 1680 678 1761 *CLEMENS
753 1714 990 1763 PAPA
1047 1714 1232 1762 v111.

385 1830 454 1871 Ad
466 1828 664 1886 suturam
695 1829 756 1870 rei
789 1828 1040 1869 memoriam.

323 1945 428 1998 Regi
457 1947 673 1988 Dominico
700 1944 850 1988 Divina
874 1943 1112 1989 Clementia
1137 1960 1237 2001 prae-

340 2003 512 2047 fidentes
532 2034 547 2056 ‚
570 2005 844 2047 Ecclefiarum
871 2005 1051 2047 omnium
1077 2006 1237 2048 indem-

197 2066 369 2115 nitatis,
408 2065 449 2105 δε
489 2063 859 2107 Ecclefiasticarum
904 2065 1235 2124 personarum-1,

197 2121 418 2178 praesertim
442 2124 510 2166 sub
539 2122 646 2164 suavi
678 2123 909 2179 Religionis
930 2121 1024 2179 jugo
1057 2127 1147 2167 Deo
1177 2124 1233 2165 fa·

196 2181 436 2223 mulantium
466 2181 618 2237 quietis
649 2181 771 2224 decet
799 2185 884 2225 Nos
910 2180 987 2223 esse
1015 2180 1232 2225 sollicitos.

191 2242 342 2292 -Nuper
368 2239 562 2295 siquidem
590 2242 852 2294 accepimus,
879 2240 989 2295 quod
1027 2240 1048 2281 a
1097 2242 1238 2284 multis

198 2298 310 2338 annis
329 2297 472 2346 Elem,
487 2299 526 2338 δι
544 2298 739 2354 Deputati
762 2298 1047 2340 Univerfitatis
1060 2325 1074 2347 ,
1091 2301 1130 2341 δε
1149 2303 1237 2342 Ho-

201 2356 352 2398 minum
378 2357 456 2397 loci
483 2358 626 2398 Turris
665 2359 827 2399 Ostavae
866 2369 1092 2411 nuncupat.
1122 2362 1235 2400 Nea-

198 2414 369 2470 politan.
398 2414 561 2456 Diaeces.
588 2415 802 2468 cupientes
832 2415 870 2456 in
897 2415 1010 2457 disto
1029 2415 1122 2458 loco
1151 2419 1234 2458 Ec-

197 2472 359 2516 clesiam
384 2488 476 2516 cum
503 2474 747 2517 Monasterio
764 2502 777 2524 ‚
809 2472 874 2516 seu
902 2477 1037 2515 Domo
1065 2490 1141 2530 pro
1165 2473 1231 2515 usu

197 2534 238 2574 &
264 2532 519 2575 habitatione
542 2533 784 2575 dilectorum
813 2531 1008 2573 Filiorum
1045 2536 1231 2574 Fratrum

197 2592 508 2645 Capucinorum
531 2590 832 2641 construere‚zi
856 2588 1021 2632 diversis
1053 2590 1234 2647 personis

199 2650 511 2705 particularibus
538 2649 718 2705 ejusdem
752 2650 828 2692 loci
874 2650 1028 2704 aliquot
1078 2649 1234 2690 modios

201 2710 341 2750 Terrae
369 2709 542 2757 Vitam,
573 2709 612 2749 &
639 2710 863 2758 arboratae‚
897 2709 968 2763 qui
1003 2710 1050 2751 ab
1080 2708 1235 2750 eisdem

201 2766 509 2823 particularibus
525 2766 574 2807 ad
593 2767 857 2808 laborandum
873 2765 952 2820 jam
978 2780 1048 2820 pro
1072 2766 1110 2807 se
1124 2793 1140 2815 ,
1166 2780 1236 2808 eo-

200 2839 373 2881 rumque
400 2825 509 2867 Filiis
537 2825 577 2864 &
613 2823 950 2866 descendentibus
979 2824 1171 2878 legitimis
1197 2826 1237 2863 &

201 2884 452 2927 naturalibus
473 2912 488 2935 ‚
519 2892 588 2925 aut
612 2883 708 2927 alias
730 2884 753 2925 a
780 2880 918 2924 Mensa
947 2875 1234 2935 Archiepisco·

202 2945 286 3000 pali
314 2943 592 2998 Neapolitana:
618 2942 832 2992 Ecclefiae,
860 2940 1099 2983 earumdem
1129 2941 1235 2981 Ter-

202 3016 334 3044 rarum
353 3003 522 3044 Domina
537 3030 550 3052 ,
567 3015 659 3042 cum
686 3014 813 3042 onere
835 2999 1016 3041 solvendi
1042 2997 1236 3042 medieta-

205 3068 291 3103 tem
314 3061 494 3103 omnium
515 3055 714 3102 fruc‘tuum
745 3058 1173 3113 recognoscebantur,
1200 3059 1239 3098 &

204 3118 471 3167 tenebantur,
488 3133 562 3173 pro
577 3128 693 3160 certo
714 3118 846 3171 pretio
875 3115 944 3159 seu
968 3116 1110 3170 pretiis
1140 3126 1236 3157 tunc

205 3177 422 3220 conventis
439 3203 454 3224 a
485 3178 524 3217 &
552 3175 620 3217 sub
647 3177 768 3217 certis
789 3175 934 3216 finibus
955 3184 1051 3216 tunc
1077 3173 1241 3229 expres-

206 3235 253 3277 fis
281 3243 544 3277 coemerunt:
575 3236 614 3274 &
643 3233 741 3277 licet
769 3235 807 3276 in
834 3234 1117 3276 Instrumentis
1150 3247 1235 3275 em-

204 3294 385 3350 ptionum
414 3292 712 3346 praedictarum,
740 3301 884 3346 praeter
903 3290 1147 3333 solutionem
1173 3291 1234 3333 di-

207 3356 278 3395 61ae
305 3350 535 3393 medietatis
571 3348 801 3400 fructuum,
833 3348 1046 3391 consensus
1079 3349 1236 3393 etiam,

212 3407 522 3465 Archiepiscopi
542 3436 556 3459 ‚
587 3418 679 3449 tunc
714 3407 918 3449 existentis
942 3435 958 3458 ,
996 3406 1049 3449 de
1075 3410 1173 3464 Jure
1201 3410 1239 3448 &

211 3467 503 3511 consuetudine
519 3465 755 3522 requisitus,
782 3465 954 3520 desuper
987 3479 1062 3520 pro
1094 3466 1239 3508 validi-

211 3536 299 3570 tate
326 3527 523 3569 dictarum
554 3525 817 3579 Emptionum
857 3523 1132 3578 impetrandas
1169 3539 1240 3566 ex-

213 3583 347 3639 presse
374 3583 603 3627 reservatus
636 3582 767 3626 fuisset
794 3611 808 3634 ‚
840 3582 1095 3624 nihilominus
1137 3582 1235 3624 Ele-

215 3643 267 3683 ὀὶὶ
294 3641 470 3696 praedicsti
498 3652 593 3685 ante
621 3640 855 3684 consensum
895 3639 1120 3694 hujusmodi
1164 3642 1235 3682 ob-

216 3710 402 3748 tentum,
433 3700 646 3743 laudemiis
673 3700 794 3744 etiam
815 3697 950 3740 eidem
983 3698 1127 3741 Mensae
1159 3701 1239 3739 Ar-

216 3754 530 3857 εὴίερίἷεορειῐὶ,
563 3768 680 3815 prout
704 3758 756 3801 de
781 3757 872 3815 jure
897 3784 912 3806 ³
948 3758 987 3799 &
1026 3755 1239 3801 consuetu-

373 3827 447 3860 om·
477 3818 552 3859 ιιι·

1285 332 1378 369 oine
1400 336 1664 380 tenebantur,
1689 329 1854 374 minime
1877 331 2114 387 persolutis,
2139 335 2303 376 eosdem

1287 387 1424 426 Terrae
1451 389 1607 430 modios
1633 389 1747 430 distis
1781 393 1985 434 Fratribus
2012 393 2228 447 Capucinis
2254 392 2307 433 ad

1285 443 1406 485 alium
1436 446 1573 497 usum,
1608 447 1698 488 satis
1726 449 1926 492 diversum
1941 454 1990 492 ab
2020 465 2100 500 eo,
2127 451 2192 505 qui
2222 449 2309 491 fue«

1283 513 1346 543 rat
1376 505 1551 556 primum
1576 506 1598 544 a
1614 504 1714 547 dista
1736 509 1871 549 Mensa
1898 509 2122 552 concessus,
2144 523 2215 563 pro
2232 510 2311 550 Ee.

1279 559 1427 609 Clefifis
1461 559 1682 609 Domlbusa
1714 564 1884 616 Hortis,
1908 568 1944 607 &
1973 567 2062 608 aliis
2093 566 2270 606 Officinis
2290 591 2310 612 ‚-

1278 619 1318 656 &
1347 616 1539 656 membris
1563 616 1611 656 ad
1643 630 1780 659 eorum
1805 623 1911 664 usum
1941 621 2171 666 necessariis
2204 638 2308 664 con-

1276 673 1473 713 struendis
1505 672 1572 711 sub
1601 674 1748 715 eadem
1769 680 1995 724 medietatis
2020 680 2221 723 sruffiuum
2243 694 2314 730 ref

1275 728 1481 782 sponsione
1515 729 1627 771 dicstae
1658 734 1802 774 Mensae
1831 739 2131 789 persolvendae,
2157 739 2305 780 eodem

1280 787 1586 841 Archiep‘rscopi
1613 790 1800 832 consensu
1831 796 1992 836 minime
2018 799 2214 849 obtento,
2232 795 2303 838 sed

1280 858 1354 885 nec
1397 845 1520 885 etiam
1567 843 1699 887 forsan
1735 851 1944 892 reservato
1985 853 2259 896 concesserunt
2294 857 2309 896 ὲ

1280 906 1391 944 Cum
1416 914 1552 945 autem
1579 901 1681 945 facie
1712 904 1791 946 loci
1831 921 1973 951 contra
2012 912 2142 963 primo
2174 913 2313 954 die'ta-r

1282 975 1371 1002 rum
1396 959 1691 1003 concessionum
1719 974 1904 1007 tenorem
1940 967 2182 1020 immonni,
2208 969 2311 1012 inibi·

1289 1017 1467 1062 Ecclesia
1504 1017 1573 1059 sub
1595 1020 1859 1065 invocatione
1888 1026 2017 1066 Beatae
2056 1029 2189 1069 Mariae
2225 1030 2313 1070 An-

1289 1079 1484 1120 nunciatae
1507 1091 1597 1119 cum
1628 1080 1825 1121 Domibus
1842 1110 1855 1131 ,
1882 1084 1921 1123 &
1947 1085 2083 1125 Hortis
2118 1085 2313 1139 praedietis

1291 1133 1514 1186 aedificata,
1540 1136 1664 1190 inque
1691 1151 1756 1180 eas
1782 1140 1877 1180 dieti
1907 1143 2070 1182 Fratres
2113 1142 2319 1196 Capucini

1292 1193 1512 1235 introduffi
1556 1192 1715 1238 fuissent
1745 1228 1765 1248 ,
1798 1198 1997 1252 quondam
2040 1199 2319 1241 ferdinandus

1295 1255 1425 1294 Bucca
1457 1253 1580 1295 laicus
1612 1256 1867 1310 Neapolitan.
1894 1257 2015 1298 alium
2044 1259 2178 1299 Terrae
2224 1271 2315 1299 mo-

1292 1311 1406 1352 dium
1430 1314 1550 1355 etiam
1580 1312 1783 1355 vineatum
1808 1344 1822 1366 ,
1843 1316 1879 1355 &
1907 1317 2145 1357 arboratum
2168 1345 2182 1366 ,
2207 1314 2320 1371 quod

1294 1371 1450 1424 pariter
1475 1369 1495 1410 a
1526 1369 1550 1409 d
1569 1372 1627 1410 &a
1656 1372 1793 1413 Mensa
1818 1387 1907 1413 cum
1932 1375 2076 1415 eodem
2104 1388 2237 1415 onere*
2256 1386 2322 1414 re-

1295 1427 1510 1482 sponsionis
1532 1426 1972 1473 medietatisfrueiuum
1988 1433 2321 1487 recognoscebat,

1293 1487 1369 1527 una
1398 1500 1490 1527 cum
1515 1486 1749 1539 quibusdam
1780 1490 1976 1530 Domibus
1998 1504 2071 1543 pro
2094 1490 2323 1543 ampliatio-

1293 1558 1342 1585 ne
1369 1543 1713 1584 dieti-Monasterii
1740 1544 1890 1586 eisdem
1918 1548 2124 1588 Fratribus
2153 1547 2322 1601 legavit,

1296 1615 1374 1642 nec
1406 1615 1484 1642 non
1513 1600 1638 1642 etiam
1665 1601 1834 1644 dilectus
1864 1604 1986 1645 Filius
2013 1607 2079 1659 Jo:
2101 1605 2323 1646 Bernardi-

1295 1672 1372 1701 nus
1404 1658 1572 1701 Pisanus
1591 1662 1821 1703 Canonicus
1850 1662 2110 1717 Neapolitan.
2151 1677 2222 1717 pro
2261 1663 2324 1706 via

1296 1717 1460 1759 vicinali
1489 1716 1539 1757 ad
1568 1719 1808 1760 eorumdem
1843 1722 2031 1762 Fratrum
2057 1721 2325 1770 commodita-¹

1297 1787 1380 1818 tem
1421 1775 1644 1828 aperienda
1670 1805 1683 1827 ‚
1718 1775 1922 1832 quoddam
1962 1780 2100 1820 Terrae
2137 1780 2325 1835 petiums

1301 1833 1351 1876 ad
1376 1835 1639 1875 Praebendam
1657 1835 1713 1876 sui
1731 1835 2000 1879 canonicatus
2016 1840 2191 1894 spefitans
2209 1865 2222 1885 ³
2235 1837 2328 1879 nul-

1298 1893 1340 1936 lo
1368 1891 1743 1945 sedisapostolicae
1770 1895 2326 1949 beneplacitointerveniem

1299 1961 1371 2001 te,
1395 1966 1473 1992 nec
1502 1949 1724 1992 reservato
1743 1981 1758 2002 ,
1787 1953 1838 1995 de
1868 1953 1966 1994 fat'to
1995 1956 2052 1995 in*
2078 1966 2323 2009 perpetuum

1301 2009 1523 2062 concessa,
1551 2011 1769 2052 &donavit
1786 2040 1805 2061 ,.
1829 2009 1893 2052 seu
1909 2011 2141 2062 donationi,
2169 2016 2203 2053 &
2225 2027 2326 2053 con·-

1299 2068 1467 2111 ceffioni
1510 2082 1582 2123 per
1613 2083 1704 2111 eum
1741 2098 1757 2118 ,
1798 2070 1863 2124 qui
1898 2070 2047 2112 didium
2085 2070 2233 2125 petium
2273 2070 2321 2112 ab

1299 2128 1444 2172 eadem
1474 2127 1692 2170 Prabenda
1716 2129 1956 2170 Canonicali
1979 2129 2034 2170 ad
2055 2129 2319 2170 laborandum

1301 2187 1378 2245 jam
1412 2187 1482 2228 sub
1514 2185 1627 2227 simili
1671 2186 1922 2240 responsione
1965 2186 2189 2229 medietatis
2239 2186 2325 2228 fru-

1301 2250 1439 2288 Ctuum
1471 2243 1817 2300 recognoscebat,
1843 2245 1990 2288 eisdem
2019 2245 2224 2287 Fratribus
2263 2244 2326 2293 sah,

1300 2306 1370 2346 &ae
1396 2301 1622 2346 consensit.
2028 2299 2035 2305 ’

1355 2365 1463 2406 Cum
1493 2373 1657 2412 autem,
1686 2361 1779 2404 sicut
1804 2363 1931 2405 etiam·
1950 2364 2201 2417 accepimus,
2229 2366 2327 2416 praeaei

1297 2420 1389 2462 diffl
1423 2424 1587 2462 Fratres
1620 2419 1847 2472 Capucini‚
1875 2420 1942 2474 qui
1969 2421 2061 2461 inibi
2097 2420 2215 2474 usque
2246 2420 2319 2460 iri-v

1298 2476 1531 2531 praes'entem
1567 2476 1672 2516 diem
1702 2476 1842 2526 nullo,
1869 2478 1920 2518 de
1945 2491 2023 2533 quo
2040 2484 2228 2531 appareat
2245 2481 2323 2517 Ar-

1299 2534 1655 2589 chiepiscoporum
1672 2548 1746 2588 pro
1771 2544 1953 2590 tempore
1982 2535 2197 2582 consensu,
2226 2548 2322 2586 pra:⁴

1299 2592 1436 2636 sertim
1465 2595 1625 2635 ratione
1659 2592 1860 2643 dominii,
1884 2595 1923 2634 ὃ(
1963 2593 2224 2649 proprietatis
2265 2593 2322 2633 dis

1299 2656 1450 2696 &arum
1484 2655 1702 2695 Terrarum
1732 2651 1955 2694 accedente
1984 2651 2319 2707 permanserunt,

1298 2714 1338 2752 δι
1368 2713 1421 2752 de
1450 2709 1628 2764 praesenti
1655 2709 1854 2759 existunt,
1884 2711 1906 2753 ὲ
1933 2710 2110 2764 pluribus
2128 2709 2237 2751 ann-is
2263 2708 2321 2747 di.

1299 2773 1455 2810 ‹stoi-um
1484 2767 1679 2808 fruetuum
1706 2766 1965 2808 medietatem
1995 2767 2139 2810 Mensae
2177 2765 2322 2822 praedi-

1298 2830 1366 2867 e’tae
1393 2826 1557 2867 minime
1586 2821 1891 2878 persolvissent,
1912 2836 2031 2880 atque
2057 2825 2319 2866 animadver-

1298 2883 1461 2934 tissent,
1490 2883 1608 2926 dietas
1642 2885 1814 2932 Terras,
1840 2884 1880 2922 ἃ
1913 2883 1998 2924 loca
2035 2882 2226 2937 praedicta:
2254 2896 2323 2922 re-

1300 2942 1518 2996 sponsionis
1557 2954 1686 2983 onere
1727 2951 1891 2994 gravata
1931 2953 2070 2982 contra
2115 2939 2322 2993 ipsorum,

1304 2999 1658 3049 Constitutiones,
1685 3000 1722 3039 ὃς
1751 2998 1964 3053 Regularia
2005 2998 2189 3039 Instituta
2225 2995 2322 3036 reti.

1300 3056 1451 3108 nuiffe,
1480 3061 1517 3100 &
1546 3058 1597 3100 de
1625 3057 1799 3110 praesenti
1826 3057 2004 3097 retinere
2028 3083 2041 3099 ‚
2085 3051 2324 3093 Venerabili

1301 3118 1433 3160 Fratri
1451 3118 1587 3159 nostro
1606 3116 1808 3168 Alphonso
1827 3119 1866 3156 S.
1885 3116 1934 3154 R.
1952 3115 1998 3152 Ε.
2015 3110 2222 3153 Cardinali
2240 3113 2326 3152 Ge-

1299 3175 1443 3218 sualdo
1478 3176 1679 3229 Episcopo
1722 3172 1868 3213 Ostien.
1891 3198 1905 3221 ‚
1927 3171 1964 3210 ὃς
1999 3168 2323 3224 Archiepiscopo

1305 3233 1580 3288 Neapolitano
1610 3245 1681 3286 pro
1710 3228 2011 3271 condonatione
2034 3256 2048 3279 ‚
2074 3230 2110 3269 &
2147 3227 2322 3283 gratuita

1299 3292 1498 3333 dictorum
1529 3288 1729 3333 fruetuum
1754 3284 1979 3328 remiffione
1997 3315 2011 3336 ,
2039 3297 2120 3327 tam
2155 3300 2228 3341 pro
2251 3285 2325 3326 de-

1306 3347 1422 3391 curso
1448 3359 1633 3404 tempore
1657 3374 1670 3395 ‚
1706 3346 1824 3398 quam
1851 3345 1975 3386 etiam
2005 3344 2167 3394 futuro,
2192 3342 2324 3384 donec

1304 3406 1439 3448 eidem
1467 3405 1648 3448 Ecclesiae
1663 3402 1889 3458 praesideret
1904 3430 1919 3452 ‚
1944 3403 2119 3457 Neapoli
2135 3401 2326 3455 primurn,

1303 3474 1390 3506 tum
1420 3467 1558 3507 Romae
1582 3473 1765 3515 tempore
1790 3460 1972 3515 Capituli
1999 3460 2214 3501 Generalis
2252 3472 2324 3499 eo-

1300 3537 1389 3564 rum
1421 3519 1760 3575 Congregationis
1785 3517 1995 3560 noviffime
2020 3517 2219 3558 celebrati
2238 3515 2326 3567 sup-

1298 3581 1534 3636 plicarunt3
1565 3576 1796 3631 Alplionsus
1824 3586 1957 3618 autem
1989 3575 2219 3618 Cardinalis
2246 3576 2325 3613 Ar-

1298 3637 1576 3692 chiepiscopus
1617 3636 1824 3688 praedie'tus
1849 3661 1863 3679 ‚
1899 3633 1967 3675 etsi
1997 3647 2068 3687 pro
2095 3633 2163 3672 sua
2195 3642 2322 3681 erga*

1302 3695 1558 3750 Regulues,
1586 3694 1760 3746 dictique
1775 3692 1939 3734 Ordinis
1959 3693 2116 3732 Fratres
2153 3687 2326 3727 liberali.

1300 3759 1420 3804 tate,
1449 3768 1493 3795 ac
1522 3754 1561 3795 in
1588 3751 1726 3795 multis
1752 3752 1864 3792 rebus
1892 3747 2067 3804 spee‘tata
2091 3745 2328 3800 propensio-

1717 3810 1754 3851 C
1786 3821 1808 3849 2
2222 3815 2271 3843 ne
