<?xml version="1.0" encoding="UTF-8"?>
<!DOCTYPE html PUBLIC "-//W3C//DTD XHTML 1.0 Transitional//EN"
    "http://www.w3.org/TR/xhtml1/DTD/xhtml1-transitional.dtd">
<html xmlns="http://www.w3.org/1999/xhtml" xml:lang="en" lang="en">
 <head>
  <title>
</title>
<meta http-equiv="Content-Type" content="text/html;charset=utf-8" />
  <meta name='ocr-system' content='tesseract 3.04.00' />
  <meta name='ocr-capabilities' content='ocr_page ocr_carea ocr_par ocr_line ocrx_word'/>
</head>
<body>
  <div class='ocr_page' id='page_1' title='image "./bullariumordinis03cath_0140.png"; bbox 0 0 2664 4114; ppageno 0'>
   <div class='ocr_carea' id='block_1_1' title="bbox 383 198 498 309">
    <p class='ocr_par' dir='ltr' id='par_1_1' title="bbox 383 198 498 309">
     <span class='ocr_line' id='line_1_1' title="bbox 383 198 498 309; baseline 0 -26"><span class='ocrx_word' id='word_1_1' title='bbox 383 198 498 309; x_wconf 81' lang='lat'>78</span> 
     </span>
    </p>
   </div>
   <div class='ocr_carea' id='block_1_2' title="bbox 325 309 1362 381">
    <p class='ocr_par' dir='ltr' id='par_1_2' title="bbox 325 309 1362 381">
     <span class='ocr_line' id='line_1_2' title="bbox 325 309 1362 381; baseline 0.002 -16"><span class='ocrx_word' id='word_1_2' title='bbox 325 319 406 370; x_wconf 81' lang='lat' dir='ltr'>Ad</span> <span class='ocrx_word' id='word_1_3' title='bbox 422 315 652 364; x_wconf 80' lang='lat' dir='ltr'>instantias</span> <span class='ocrx_word' id='word_1_4' title='bbox 673 314 1011 381; x_wconf 85' lang='lat' dir='ltr'>Syndicorum,</span> <span class='ocrx_word' id='word_1_5' title='bbox 1031 309 1079 362; x_wconf 72' lang='grc' dir='ltr'>ὃ(</span> <span class='ocrx_word' id='word_1_6' title='bbox 1095 309 1362 367; x_wconf 72' lang='grc' dir='ltr'>Εὶεᾶὸῐιιω</span> 
     </span>
    </p>
   </div>
   <div class='ocr_carea' id='block_1_3' title="bbox 1140 196 1691 286">
    <p class='ocr_par' dir='ltr' id='par_1_3' title="bbox 1140 196 1691 286">
     <span class='ocr_line' id='line_1_3' title="bbox 1140 196 1691 286; baseline 0.007 -4"><span class='ocrx_word' id='word_1_7' title='bbox 1140 196 1691 286; x_wconf 81' lang='lat' dir='ltr'><em>Provincia</em></span> 
     </span>
    </p>
   </div>
   <div class='ocr_carea' id='block_1_4' title="bbox 1424 314 2456 374">
    <p class='ocr_par' dir='ltr' id='par_1_4' title="bbox 1424 314 2456 374">
     <span class='ocr_line' id='line_1_4' title="bbox 1424 314 2456 374; baseline 0.005 -15"><span class='ocrx_word' id='word_1_8' title='bbox 1424 328 1488 359; x_wconf 89' lang='lat' dir='ltr'>ter</span> <span class='ocrx_word' id='word_1_9' title='bbox 1503 319 1691 360; x_wconf 66' lang='lat' dir='ltr'>instruSta</span> <span class='ocrx_word' id='word_1_10' title='bbox 1705 316 1856 368; x_wconf 79' lang='lat' dir='ltr'>fuerit,-</span> <span class='ocrx_word' id='word_1_11' title='bbox 1882 316 2068 360; x_wconf 85' lang='lat' dir='ltr'>redditus</span> <span class='ocrx_word' id='word_1_12' title='bbox 2095 314 2202 359; x_wconf 81' lang='lat' dir='ltr'>illius</span> <span class='ocrx_word' id='word_1_13' title='bbox 2217 317 2374 374; x_wconf 85' lang='lat' dir='ltr'>(prout</span> <span class='ocrx_word' id='word_1_14' title='bbox 2394 321 2456 363; x_wconf 65' lang='lat' dir='ltr'>as&lt;</span> 
     </span>
    </p>
   </div>
   <div class='ocr_carea' id='block_1_5' title="bbox 396 378 2458 437">
    <p class='ocr_par' dir='ltr' id='par_1_5' title="bbox 396 378 2458 437">
     <span class='ocr_line' id='line_1_5' title="bbox 396 378 2458 437; baseline 0.003 -22"><span class='ocrx_word' id='word_1_15' title='bbox 396 388 613 436; x_wconf 65' lang='lat' dir='ltr'>Civitatis</span> <span class='ocrx_word' id='word_1_16' title='bbox 634 387 806 434; x_wconf 64' lang='lat' dir='ltr'>Montis</span> <span class='ocrx_word' id='word_1_17' title='bbox 827 384 928 433; x_wconf 56' lang='lat' dir='ltr'><strong>Algi</strong></span> <span class='ocrx_word' id='word_1_18' title='bbox 948 385 1178 433; x_wconf 64' lang='lat' dir='ltr'>Moniales</span> <span class='ocrx_word' id='word_1_19' title='bbox 1207 387 1254 436; x_wconf 69' lang='lat' dir='ltr'>jn</span> <span class='ocrx_word' id='word_1_20' title='bbox 1285 405 1362 437; x_wconf 72' lang='lat' dir='ltr'>no,</span> <span class='ocrx_word' id='word_1_21' title='bbox 1421 378 1571 419; x_wconf 83' lang='lat' dir='ltr'>seritur</span> <span class='ocrx_word' id='word_1_22' title='bbox 1596 378 1768 434; x_wconf 90' lang='lat' dir='ltr'>verum)</span> <span class='ocrx_word' id='word_1_23' title='bbox 1795 380 1998 419; x_wconf 85' lang='lat' dir='ltr'>Summam</span> <span class='ocrx_word' id='word_1_24' title='bbox 2019 381 2264 419; x_wconf 81' lang='lat' dir='ltr'>Ducatorum</span> <span class='ocrx_word' id='word_1_25' title='bbox 2291 389 2458 421; x_wconf 89' lang='lat' dir='ltr'>trecen-</span> 
     </span>
    </p>
   </div>
   <div class='ocr_carea' id='block_1_6' title="bbox 385 453 1360 1089">
    <p class='ocr_par' dir='ltr' id='par_1_6' title="bbox 385 453 1360 1089">
     <span class='ocr_line' id='line_1_6' title="bbox 393 453 1360 521; baseline 0.003 -17"><span class='ocrx_word' id='word_1_26' title='bbox 393 474 507 504; x_wconf 89' lang='lat' dir='ltr'>vum</span> <span class='ocrx_word' id='word_1_27' title='bbox 533 454 863 504; x_wconf 79' lang='lat' dir='ltr'>Monasterium</span> <span class='ocrx_word' id='word_1_28' title='bbox 891 453 1081 513; x_wconf 84' lang='lat' dir='ltr'>induci3</span> <span class='ocrx_word' id='word_1_29' title='bbox 1106 453 1133 501; x_wconf 75' lang='grc' dir='ltr'>ὲ</span> <span class='ocrx_word' id='word_1_30' title='bbox 1155 457 1360 521; x_wconf 86' lang='lat' dir='ltr'>qualibet</span> 
     </span>
     <span class='ocr_line' id='line_1_7' title="bbox 392 524 1356 578; baseline 0.003 -3"><span class='ocrx_word' id='word_1_31' title='bbox 392 524 711 575; x_wconf 87' lang='lat' dir='ltr'>Monachanda</span> <span class='ocrx_word' id='word_1_32' title='bbox 734 528 907 573; x_wconf 88' lang='lat' dir='ltr'>Dotem</span> <span class='ocrx_word' id='word_1_33' title='bbox 927 542 1041 573; x_wconf 85' lang='lat'>200.</span> <span class='ocrx_word' id='word_1_34' title='bbox 1062 528 1356 578; x_wconf 86' lang='lat' dir='ltr'>Ducatorum</span> 
     </span>
     <span class='ocr_line' id='line_1_8' title="bbox 390 592 1357 664; baseline 0.004 -20"><span class='ocrx_word' id='word_1_35' title='bbox 390 612 551 663; x_wconf 85' lang='lat' dir='ltr'>praeter</span> <span class='ocrx_word' id='word_1_36' title='bbox 575 592 705 642; x_wconf 77' lang='lat' dir='ltr'>solita</span> <span class='ocrx_word' id='word_1_37' title='bbox 732 595 924 645; x_wconf 82' lang='lat' dir='ltr'>mobilia</span> <span class='ocrx_word' id='word_1_38' title='bbox 954 597 1217 664; x_wconf 86' lang='lat' dir='ltr'>apportari;</span> <span class='ocrx_word' id='word_1_39' title='bbox 1255 601 1357 647; x_wconf 64' lang='grc' dir='ltr'>δεῖ·</span> 
     </span>
     <span class='ocr_line' id='line_1_9' title="bbox 390 663 1355 734; baseline 0.004 -21"><span class='ocrx_word' id='word_1_40' title='bbox 390 668 561 714; x_wconf 85' lang='lat' dir='ltr'>vitium</span> <span class='ocrx_word' id='word_1_41' title='bbox 596 663 772 713; x_wconf 89' lang='lat' dir='ltr'>Medici</span> <span class='ocrx_word' id='word_1_42' title='bbox 801 669 1060 734; x_wconf 81' lang='lat' dir='ltr'>gratuitum</span> <span class='ocrx_word' id='word_1_43' title='bbox 1085 670 1355 734; x_wconf 82' lang='lat' dir='ltr'>procurari3</span> 
     </span>
     <span class='ocr_line' id='line_1_10' title="bbox 387 735 1355 787; baseline 0.005 -5"><span class='ocrx_word' id='word_1_44' title='bbox 387 753 439 782; x_wconf 83' lang='lat' dir='ltr'>ac</span> <span class='ocrx_word' id='word_1_45' title='bbox 471 753 523 783; x_wconf 83' lang='lat' dir='ltr'>ex</span> <span class='ocrx_word' id='word_1_46' title='bbox 557 735 838 785; x_wconf 82' lang='lat' dir='ltr'>Parthenone</span> <span class='ocrx_word' id='word_1_47' title='bbox 856 735 1110 787; x_wconf 88' lang='lat' dir='ltr'>Cosentino</span> <span class='ocrx_word' id='word_1_48' title='bbox 1127 739 1355 787; x_wconf 86' lang='lat' dir='ltr'>Moniales</span> 
     </span>
     <span class='ocr_line' id='line_1_11' title="bbox 385 802 1356 875; baseline 0.006 -23"><span class='ocrx_word' id='word_1_49' title='bbox 385 822 471 871; x_wconf 89' lang='lat' dir='ltr'>pro</span> <span class='ocrx_word' id='word_1_50' title='bbox 497 802 793 855; x_wconf 68' lang='lat' dir='ltr'>instrustione</span> <span class='ocrx_word' id='word_1_51' title='bbox 820 810 1007 866; x_wconf 83' lang='lat' dir='ltr'>vocari,</span> <span class='ocrx_word' id='word_1_52' title='bbox 1038 806 1356 875; x_wconf 88' lang='lat' dir='ltr'>Archiepisco·</span> 
     </span>
     <span class='ocr_line' id='line_1_12' title="bbox 385 873 1355 940; baseline 0.006 -18"><span class='ocrx_word' id='word_1_53' title='bbox 385 890 448 940; x_wconf 87' lang='lat' dir='ltr'>po</span> <span class='ocrx_word' id='word_1_54' title='bbox 478 873 730 926; x_wconf 80' lang='lat' dir='ltr'>Cosentino</span> <span class='ocrx_word' id='word_1_55' title='bbox 762 880 1049 935; x_wconf 85' lang='lat' dir='ltr'>committit,</span> <span class='ocrx_word' id='word_1_56' title='bbox 1087 896 1139 927; x_wconf 85' lang='lat' dir='ltr'>ac</span> <span class='ocrx_word' id='word_1_57' title='bbox 1175 881 1355 928; x_wconf 86' lang='lat' dir='ltr'>Monia-</span> 
     </span>
     <span class='ocr_line' id='line_1_13' title="bbox 385 943 1356 1008; baseline 0.007 -17"><span class='ocrx_word' id='word_1_58' title='bbox 385 945 450 993; x_wconf 90' lang='lat' dir='ltr'>les</span> <span class='ocrx_word' id='word_1_59' title='bbox 484 943 566 994; x_wconf 82' lang='lat' dir='ltr'>sub</span> <span class='ocrx_word' id='word_1_60' title='bbox 588 945 906 1008; x_wconf 73' lang='lat' dir='ltr'>jurisdifflone</span> <span class='ocrx_word' id='word_1_61' title='bbox 939 948 1178 998; x_wconf 87' lang='lat' dir='ltr'>Ordinarii</span> <span class='ocrx_word' id='word_1_62' title='bbox 1209 950 1356 998; x_wconf 87' lang='lat' dir='ltr'>omni·</span> 
     </span>
     <span class='ocr_line' id='line_1_14' title="bbox 387 1013 1351 1089; baseline 0.006 -26"><span class='ocrx_word' id='word_1_63' title='bbox 387 1013 473 1064; x_wconf 91' lang='lat' dir='ltr'>bus</span> <span class='ocrx_word' id='word_1_64' title='bbox 504 1016 699 1067; x_wconf 82' lang='lat' dir='ltr'>Ordinis</span> <span class='ocrx_word' id='word_1_65' title='bbox 727 1020 984 1089; x_wconf 86' lang='lat' dir='ltr'>privilegiis</span> <span class='ocrx_word' id='word_1_66' title='bbox 1010 1018 1101 1068; x_wconf 89' lang='lat' dir='ltr'>frui</span> <span class='ocrx_word' id='word_1_67' title='bbox 1128 1019 1351 1069; x_wconf 84' lang='lat' dir='ltr'>declarat.</span> 
     </span>
    </p>
   </div>
   <div class='ocr_carea' id='block_1_7' title="bbox 356 1143 1311 1263">
    <p class='ocr_par' dir='ltr' id='par_1_7' title="bbox 356 1143 1311 1263">
     <span class='ocr_line' id='line_1_15' title="bbox 356 1143 1311 1207; baseline 0.004 -22"><span class='ocrx_word' id='word_1_68' title='bbox 356 1143 394 1185; x_wconf 88' lang='lat' dir='ltr'>A</span> <span class='ocrx_word' id='word_1_69' title='bbox 420 1152 564 1202; x_wconf 87' lang='lat' dir='ltr'>tergo.</span> <span class='ocrx_word' id='word_1_70' title='bbox 604 1147 823 1191; x_wconf 67' lang='lat' dir='ltr'>Venerabili</span> <span class='ocrx_word' id='word_1_71' title='bbox 847 1148 992 1191; x_wconf 75' lang='lat' dir='ltr'>Fratri</span> <span class='ocrx_word' id='word_1_72' title='bbox 1017 1147 1311 1207; x_wconf 82' lang='lat' dir='ltr'>Archiepifcopo</span> 
     </span>
     <span class='ocr_line' id='line_1_16' title="bbox 720 1204 947 1263; baseline 0 -14"><span class='ocrx_word' id='word_1_73' title='bbox 720 1204 947 1263; x_wconf 80' lang='lat' dir='ltr'>Costntino.</span> 
     </span>
    </p>
   </div>
   <div class='ocr_carea' id='block_1_8' title="bbox 315 1316 1350 1366">
    <p class='ocr_par' dir='ltr' id='par_1_8' title="bbox 315 1316 1350 1366">
     <span class='ocr_line' id='line_1_17' title="bbox 315 1316 1350 1366; baseline 0.003 -3"><span class='ocrx_word' id='word_1_74' title='bbox 315 1316 792 1364; x_wconf 87' lang='lat' dir='ltr'>CLEMENS</span> <span class='ocrx_word' id='word_1_75' title='bbox 858 1319 1104 1366; x_wconf 91' lang='lat' dir='ltr'>PAPA</span> <span class='ocrx_word' id='word_1_76' title='bbox 1171 1319 1350 1366; x_wconf 86' lang='lat' dir='ltr'><strong>VIII.</strong></span> 
     </span>
    </p>
   </div>
   <div class='ocr_carea' id='block_1_9' title="bbox 348 1430 1320 1533">
    <p class='ocr_par' dir='ltr' id='par_1_9' title="bbox 348 1430 1320 1533">
     <span class='ocr_line' id='line_1_18' title="bbox 348 1430 1320 1492; baseline 0.001 -18"><span class='ocrx_word' id='word_1_77' title='bbox 348 1430 583 1474; x_wconf 74' lang='lat' dir='ltr'>Venerabilis</span> <span class='ocrx_word' id='word_1_78' title='bbox 613 1435 763 1475; x_wconf 83' lang='lat' dir='ltr'>Frater</span> <span class='ocrx_word' id='word_1_79' title='bbox 789 1431 966 1472; x_wconf 80' lang='lat' dir='ltr'>Salutem</span> <span class='ocrx_word' id='word_1_80' title='bbox 984 1431 1031 1479; x_wconf 59' lang='grc' dir='ltr'>θ’</span> <span class='ocrx_word' id='word_1_81' title='bbox 1060 1432 1320 1492; x_wconf 77' lang='lat' dir='ltr'>Apostolicam</span> 
     </span>
     <span class='ocr_line' id='line_1_19' title="bbox 661 1488 1064 1533; baseline -0.007 -2"><span class='ocrx_word' id='word_1_82' title='bbox 661 1488 969 1533; x_wconf 60' lang='lat' dir='ltr'>Benediffionem</span> <span class='ocrx_word' id='word_1_83' title='bbox 987 1517 998 1528; x_wconf 91' lang='lat'><strong>.</strong></span> <span class='ocrx_word' id='word_1_84' title='bbox 1058 1522 1064 1527; x_wconf 91' lang='lat'><strong>.</strong></span> 
     </span>
    </p>
   </div>
   <div class='ocr_carea' id='block_1_10' title="bbox 297 1609 1345 3663">
    <p class='ocr_par' dir='ltr' id='par_1_10' title="bbox 310 1609 1345 1759">
     <span class='ocr_line' id='line_1_20' title="bbox 386 1609 1343 1665; baseline -0.001 -12"><span class='ocrx_word' id='word_1_85' title='bbox 386 1609 490 1653; x_wconf 87' lang='lat' dir='ltr'>Ustis</span> <span class='ocrx_word' id='word_1_86' title='bbox 507 1609 734 1665; x_wconf 87' lang='lat' dir='ltr'>petentium</span> <span class='ocrx_word' id='word_1_87' title='bbox 762 1609 865 1650; x_wconf 86' lang='lat' dir='ltr'>votis</span> <span class='ocrx_word' id='word_1_88' title='bbox 885 1611 1012 1653; x_wconf 86' lang='lat' dir='ltr'>Sacrae</span> <span class='ocrx_word' id='word_1_89' title='bbox 1036 1609 1267 1665; x_wconf 80' lang='lat' dir='ltr'>Religionis</span> <span class='ocrx_word' id='word_1_90' title='bbox 1282 1611 1343 1652; x_wconf 88' lang='lat' dir='ltr'>in-</span> 
     </span>
     <span class='ocr_line' id='line_1_21' title="bbox 310 1611 1345 1759; baseline 0.001 -49"><span class='ocrx_word' id='word_1_91' title='bbox 310 1611 370 1759; x_wconf 80' lang='lat' dir='ltr'>J</span> <span class='ocrx_word' id='word_1_92' title='bbox 402 1679 655 1711; x_wconf 86' lang='lat' dir='ltr'>crementum</span> <span class='ocrx_word' id='word_1_93' title='bbox 682 1664 990 1720; x_wconf 76' lang='lat' dir='ltr'>respicientibus</span> <span class='ocrx_word' id='word_1_94' title='bbox 1006 1669 1185 1712; x_wconf 78' lang='lat' dir='ltr'>nostrum</span> <span class='ocrx_word' id='word_1_95' title='bbox 1214 1670 1345 1711; x_wconf 70' lang='lat' dir='ltr'>liben-</span> 
     </span>
    </p>

    <p class='ocr_par' dir='ltr' id='par_1_11' title="bbox 297 1724 1344 2899">
     <span class='ocr_line' id='line_1_22' title="bbox 367 1724 1344 1785; baseline 0.002 -17"><span class='ocrx_word' id='word_1_96' title='bbox 367 1738 430 1769; x_wconf 88' lang='lat' dir='ltr'>ter</span> <span class='ocrx_word' id='word_1_97' title='bbox 445 1727 666 1785; x_wconf 83' lang='lat' dir='ltr'>praestamus</span> <span class='ocrx_word' id='word_1_98' title='bbox 682 1724 888 1776; x_wconf 73' lang='lat' dir='ltr'>assensum,</span> <span class='ocrx_word' id='word_1_99' title='bbox 900 1739 1019 1783; x_wconf 89' lang='lat' dir='ltr'>prout</span> <span class='ocrx_word' id='word_1_100' title='bbox 1033 1729 1073 1769; x_wconf 90' lang='lat' dir='ltr'>in</span> <span class='ocrx_word' id='word_1_101' title='bbox 1093 1729 1271 1770; x_wconf 89' lang='lat' dir='ltr'>Domino</span> <span class='ocrx_word' id='word_1_102' title='bbox 1286 1727 1344 1770; x_wconf 87' lang='lat' dir='ltr'>sa-</span> 
     </span>
     <span class='ocr_line' id='line_1_23' title="bbox 305 1786 1339 1843; baseline -0.002 -13"><span class='ocrx_word' id='word_1_103' title='bbox 305 1786 482 1830; x_wconf 85' lang='lat' dir='ltr'>lubriter</span> <span class='ocrx_word' id='word_1_104' title='bbox 500 1786 760 1841; x_wconf 82' lang='lat' dir='ltr'>conspicimus</span> <span class='ocrx_word' id='word_1_105' title='bbox 789 1788 988 1841; x_wconf 81' lang='lat' dir='ltr'>expedire</span> <span class='ocrx_word' id='word_1_106' title='bbox 1003 1816 1014 1828; x_wconf 89' lang='lat'><strong>.</strong></span> <span class='ocrx_word' id='word_1_107' title='bbox 1047 1787 1284 1843; x_wconf 78' lang='lat' dir='ltr'>Expositum</span> <span class='ocrx_word' id='word_1_108' title='bbox 1300 1786 1339 1829; x_wconf 88' lang='lat' dir='ltr'>fi.</span> 
     </span>
     <span class='ocr_line' id='line_1_24' title="bbox 304 1843 1343 1902; baseline 0 -15"><span class='ocrx_word' id='word_1_109' title='bbox 304 1844 473 1901; x_wconf 89' lang='lat' dir='ltr'>quidem</span> <span class='ocrx_word' id='word_1_110' title='bbox 501 1846 628 1887; x_wconf 85' lang='lat' dir='ltr'>Nobis</span> <span class='ocrx_word' id='word_1_111' title='bbox 651 1857 786 1899; x_wconf 87' lang='lat' dir='ltr'>nuper</span> <span class='ocrx_word' id='word_1_112' title='bbox 811 1843 886 1888; x_wconf 90' lang='lat' dir='ltr'>fuit</span> <span class='ocrx_word' id='word_1_113' title='bbox 913 1861 988 1902; x_wconf 90' lang='lat' dir='ltr'>pro</span> <span class='ocrx_word' id='word_1_114' title='bbox 1009 1856 1127 1902; x_wconf 80' lang='lat' dir='ltr'>parte</span> <span class='ocrx_word' id='word_1_115' title='bbox 1159 1847 1343 1888; x_wconf 72' lang='lat' dir='ltr'>Dilecto-</span> 
     </span>
     <span class='ocr_line' id='line_1_25' title="bbox 304 1903 1343 1959; baseline -0.002 -12"><span class='ocrx_word' id='word_1_116' title='bbox 304 1918 397 1947; x_wconf 83' lang='lat' dir='ltr'>rum</span> <span class='ocrx_word' id='word_1_117' title='bbox 426 1903 620 1947; x_wconf 84' lang='lat' dir='ltr'>Filiorum</span> <span class='ocrx_word' id='word_1_118' title='bbox 654 1903 823 1947; x_wconf 85' lang='lat' dir='ltr'>Fabritii</span> <span class='ocrx_word' id='word_1_119' title='bbox 851 1907 1077 1959; x_wconf 88' lang='lat' dir='ltr'>Sproveri,</span> <span class='ocrx_word' id='word_1_120' title='bbox 1109 1906 1148 1948; x_wconf 78' lang='grc' dir='ltr'>δι</span> <span class='ocrx_word' id='word_1_121' title='bbox 1180 1904 1343 1947; x_wconf 89' lang='lat' dir='ltr'>Notarii</span> 
     </span>
     <span class='ocr_line' id='line_1_26' title="bbox 297 1962 1344 2020; baseline -0.002 -14"><span class='ocrx_word' id='word_1_122' title='bbox 297 1962 438 2020; x_wconf 90' lang='lat' dir='ltr'>Jacobi</span> <span class='ocrx_word' id='word_1_123' title='bbox 471 1963 524 2005; x_wconf 90' lang='lat' dir='ltr'>de</span> <span class='ocrx_word' id='word_1_124' title='bbox 551 1964 806 2018; x_wconf 86' lang='lat' dir='ltr'>Presbyteris</span> <span class='ocrx_word' id='word_1_125' title='bbox 837 1964 1109 2018; x_wconf 86' lang='lat' dir='ltr'>Syndicorum</span> <span class='ocrx_word' id='word_1_126' title='bbox 1136 1963 1344 2006; x_wconf 86' lang='lat' dir='ltr'>Univerfi-</span> 
     </span>
     <span class='ocr_line' id='line_1_27' title="bbox 304 2021 1343 2072; baseline 0 -8"><span class='ocrx_word' id='word_1_127' title='bbox 304 2023 399 2065; x_wconf 87' lang='lat' dir='ltr'>tatis</span> <span class='ocrx_word' id='word_1_128' title='bbox 423 2021 574 2063; x_wconf 87' lang='lat' dir='ltr'>Montis</span> <span class='ocrx_word' id='word_1_129' title='bbox 600 2022 687 2062; x_wconf 87' lang='lat' dir='ltr'>Alti</span> <span class='ocrx_word' id='word_1_130' title='bbox 713 2023 882 2064; x_wconf 86' lang='lat' dir='ltr'>Cosent.</span> <span class='ocrx_word' id='word_1_131' title='bbox 915 2021 1132 2072; x_wconf 81' lang='lat' dir='ltr'>Diaecefis,</span> <span class='ocrx_word' id='word_1_132' title='bbox 1161 2036 1208 2063; x_wconf 88' lang='lat' dir='ltr'>ac</span> <span class='ocrx_word' id='word_1_133' title='bbox 1241 2024 1343 2066; x_wconf 91' lang='lat' dir='ltr'>Vin-</span> 
     </span>
     <span class='ocr_line' id='line_1_28' title="bbox 304 2076 1343 2136; baseline -0.001 -12"><span class='ocrx_word' id='word_1_134' title='bbox 304 2080 426 2124; x_wconf 88' lang='lat' dir='ltr'>centii</span> <span class='ocrx_word' id='word_1_135' title='bbox 445 2081 706 2136; x_wconf 82' lang='lat' dir='ltr'>Jannovaro,</span> <span class='ocrx_word' id='word_1_136' title='bbox 743 2081 898 2136; x_wconf 65' lang='lat' dir='ltr'>Ioannis</span> <span class='ocrx_word' id='word_1_137' title='bbox 926 2076 1124 2125; x_wconf 79' lang='lat' dir='ltr'>Francisci</span> <span class='ocrx_word' id='word_1_138' title='bbox 1151 2081 1343 2133; x_wconf 87' lang='lat' dir='ltr'>Barbale,</span> 
     </span>
     <span class='ocr_line' id='line_1_29' title="bbox 299 2138 1341 2198; baseline -0.001 -16"><span class='ocrx_word' id='word_1_139' title='bbox 299 2138 461 2198; x_wconf 83' lang='lat' dir='ltr'>Joannis</span> <span class='ocrx_word' id='word_1_140' title='bbox 493 2139 735 2194; x_wconf 86' lang='lat' dir='ltr'>Hieronymi</span> <span class='ocrx_word' id='word_1_141' title='bbox 758 2138 989 2192; x_wconf 87' lang='lat' dir='ltr'>Grimaldi‚</span> <span class='ocrx_word' id='word_1_142' title='bbox 1020 2143 1061 2182; x_wconf 75' lang='grc' dir='ltr'>δε</span> <span class='ocrx_word' id='word_1_143' title='bbox 1086 2141 1255 2181; x_wconf 85' lang='lat' dir='ltr'>Antonii</span> <span class='ocrx_word' id='word_1_144' title='bbox 1287 2140 1341 2182; x_wconf 88' lang='lat' dir='ltr'>de</span> 
     </span>
     <span class='ocr_line' id='line_1_30' title="bbox 303 2197 1341 2253; baseline -0.003 -12"><span class='ocrx_word' id='word_1_145' title='bbox 303 2202 477 2241; x_wconf 88' lang='lat' dir='ltr'>Cumma</span> <span class='ocrx_word' id='word_1_146' title='bbox 521 2198 757 2240; x_wconf 62' lang='lat' dir='ltr'>metrorum</span> <span class='ocrx_word' id='word_1_147' title='bbox 795 2197 979 2253; x_wconf 85' lang='lat' dir='ltr'>ejusdem</span> <span class='ocrx_word' id='word_1_148' title='bbox 1021 2198 1301 2242; x_wconf 85' lang='lat' dir='ltr'>Univerfitatis</span> <span class='ocrx_word' id='word_1_149' title='bbox 1326 2227 1341 2250; x_wconf 87' lang='lat'>,</span> 
     </span>
     <span class='ocr_line' id='line_1_31' title="bbox 303 2256 1340 2314; baseline -0.002 -14"><span class='ocrx_word' id='word_1_150' title='bbox 303 2256 414 2314; x_wconf 90' lang='lat' dir='ltr'>quod</span> <span class='ocrx_word' id='word_1_151' title='bbox 441 2256 495 2298; x_wconf 89' lang='lat' dir='ltr'>de</span> <span class='ocrx_word' id='word_1_152' title='bbox 529 2257 626 2298; x_wconf 90' lang='lat' dir='ltr'>Tuae</span> <span class='ocrx_word' id='word_1_153' title='bbox 653 2258 943 2299; x_wconf 86' lang='lat' dir='ltr'>Fraternitatis</span> <span class='ocrx_word' id='word_1_154' title='bbox 972 2257 1140 2300; x_wconf 91' lang='lat' dir='ltr'>licentia</span> <span class='ocrx_word' id='word_1_155' title='bbox 1166 2258 1207 2299; x_wconf 93' lang='lat' dir='ltr'>in</span> <span class='ocrx_word' id='word_1_156' title='bbox 1242 2261 1340 2300; x_wconf 82' lang='lat' dir='ltr'>Ter-</span> 
     </span>
     <span class='ocr_line' id='line_1_32' title="bbox 302 2315 1339 2372; baseline -0.002 -13"><span class='ocrx_word' id='word_1_157' title='bbox 302 2315 448 2359; x_wconf 87' lang='lat' dir='ltr'>ritorio</span> <span class='ocrx_word' id='word_1_158' title='bbox 481 2327 712 2372; x_wconf 89' lang='lat' dir='ltr'>nuncupato</span> <span class='ocrx_word' id='word_1_159' title='bbox 744 2316 937 2358; x_wconf 88' lang='lat' dir='ltr'>Civitatis</span> <span class='ocrx_word' id='word_1_160' title='bbox 966 2316 1121 2359; x_wconf 89' lang='lat' dir='ltr'>Montis</span> <span class='ocrx_word' id='word_1_161' title='bbox 1156 2316 1246 2359; x_wconf 87' lang='lat' dir='ltr'>Alti</span> <span class='ocrx_word' id='word_1_162' title='bbox 1274 2315 1339 2358; x_wconf 90' lang='lat' dir='ltr'>di-</span> 
     </span>
     <span class='ocr_line' id='line_1_33' title="bbox 302 2374 1337 2430; baseline -0.002 -13"><span class='ocrx_word' id='word_1_163' title='bbox 302 2379 370 2417; x_wconf 75' lang='lat' dir='ltr'>c‘tae</span> <span class='ocrx_word' id='word_1_164' title='bbox 399 2374 537 2416; x_wconf 87' lang='lat' dir='ltr'>Dioec.</span> <span class='ocrx_word' id='word_1_165' title='bbox 563 2388 687 2417; x_wconf 90' lang='lat' dir='ltr'>unum</span> <span class='ocrx_word' id='word_1_166' title='bbox 719 2375 1014 2419; x_wconf 86' lang='lat' dir='ltr'>Monasterium</span> <span class='ocrx_word' id='word_1_167' title='bbox 1045 2389 1119 2430; x_wconf 91' lang='lat' dir='ltr'>pro</span> <span class='ocrx_word' id='word_1_168' title='bbox 1144 2374 1337 2418; x_wconf 87' lang='lat' dir='ltr'>Moniali-</span> 
     </span>
     <span class='ocr_line' id='line_1_34' title="bbox 303 2432 1334 2489; baseline -0.001 -12"><span class='ocrx_word' id='word_1_169' title='bbox 303 2436 375 2477; x_wconf 94' lang='lat' dir='ltr'>bus</span> <span class='ocrx_word' id='word_1_170' title='bbox 396 2432 465 2476; x_wconf 89' lang='lat' dir='ltr'>sub</span> <span class='ocrx_word' id='word_1_171' title='bbox 481 2434 745 2476; x_wconf 85' lang='lat' dir='ltr'>invocatione</span> <span class='ocrx_word' id='word_1_172' title='bbox 766 2435 1064 2489; x_wconf 87' lang='lat' dir='ltr'>Conceptionis</span> <span class='ocrx_word' id='word_1_173' title='bbox 1082 2462 1096 2484; x_wconf 91' lang='lat'>,</span> <span class='ocrx_word' id='word_1_174' title='bbox 1126 2435 1166 2474; x_wconf 91' lang='lat'>&amp;</span> <span class='ocrx_word' id='word_1_175' title='bbox 1186 2435 1257 2476; x_wconf 87' lang='lat' dir='ltr'>sub</span> <span class='ocrx_word' id='word_1_176' title='bbox 1271 2449 1334 2476; x_wconf 87' lang='lat' dir='ltr'>re-</span> 
     </span>
     <span class='ocr_line' id='line_1_35' title="bbox 302 2492 1335 2549; baseline 0 -15"><span class='ocrx_word' id='word_1_177' title='bbox 302 2493 396 2549; x_wconf 86' lang='lat' dir='ltr'>gula</span> <span class='ocrx_word' id='word_1_178' title='bbox 413 2492 635 2535; x_wconf 86' lang='lat' dir='ltr'>reformata</span> <span class='ocrx_word' id='word_1_179' title='bbox 653 2497 692 2536; x_wconf 85' lang='lat' dir='ltr'>S.</span> <span class='ocrx_word' id='word_1_180' title='bbox 710 2492 843 2535; x_wconf 84' lang='lat' dir='ltr'>Clarae</span> <span class='ocrx_word' id='word_1_181' title='bbox 861 2493 1086 2537; x_wconf 65' lang='lat' dir='ltr'>fundarunt</span> <span class='ocrx_word' id='word_1_182' title='bbox 1100 2517 1114 2540; x_wconf 72' lang='lat'>2</span> <span class='ocrx_word' id='word_1_183' title='bbox 1127 2494 1237 2549; x_wconf 93' lang='lat' dir='ltr'>quod</span> <span class='ocrx_word' id='word_1_184' title='bbox 1253 2493 1335 2549; x_wconf 82' lang='lat' dir='ltr'>jam</span> 
     </span>
     <span class='ocr_line' id='line_1_36' title="bbox 301 2548 1333 2607; baseline 0.001 -14"><span class='ocrx_word' id='word_1_185' title='bbox 301 2553 343 2593; x_wconf 90' lang='lat' dir='ltr'>in</span> <span class='ocrx_word' id='word_1_186' title='bbox 380 2551 443 2594; x_wconf 91' lang='lat' dir='ltr'>sua</span> <span class='ocrx_word' id='word_1_187' title='bbox 469 2551 661 2594; x_wconf 65' lang='lat' dir='ltr'>structura</span> <span class='ocrx_word' id='word_1_188' title='bbox 683 2548 907 2606; x_wconf 69' lang='lat' dir='ltr'>perfestum</span> <span class='ocrx_word' id='word_1_189' title='bbox 939 2553 1102 2601; x_wconf 86' lang='lat' dir='ltr'>existit,</span> <span class='ocrx_word' id='word_1_190' title='bbox 1119 2553 1333 2607; x_wconf 88' lang='lat' dir='ltr'>cupientes</span> 
     </span>
     <span class='ocr_line' id='line_1_37' title="bbox 303 2608 1335 2665; baseline 0.003 -14"><span class='ocrx_word' id='word_1_191' title='bbox 303 2610 344 2651; x_wconf 90' lang='lat' dir='ltr'>in</span> <span class='ocrx_word' id='word_1_192' title='bbox 360 2608 462 2651; x_wconf 90' lang='lat' dir='ltr'>illud</span> <span class='ocrx_word' id='word_1_193' title='bbox 479 2611 677 2652; x_wconf 88' lang='lat' dir='ltr'>Moniales</span> <span class='ocrx_word' id='word_1_194' title='bbox 695 2609 903 2651; x_wconf 85' lang='lat' dir='ltr'>introduci</span> <span class='ocrx_word' id='word_1_195' title='bbox 921 2608 1054 2665; x_wconf 77' lang='lat' dir='ltr'>posse,</span> <span class='ocrx_word' id='word_1_196' title='bbox 1080 2611 1120 2650; x_wconf 88' lang='lat'>&amp;</span> <span class='ocrx_word' id='word_1_197' title='bbox 1143 2611 1239 2653; x_wconf 91' lang='lat' dir='ltr'>ideo</span> <span class='ocrx_word' id='word_1_198' title='bbox 1251 2615 1335 2654; x_wconf 91' lang='lat' dir='ltr'>No-</span> 
     </span>
     <span class='ocr_line' id='line_1_38' title="bbox 301 2667 1335 2724; baseline 0.004 -16"><span class='ocrx_word' id='word_1_199' title='bbox 301 2668 364 2709; x_wconf 89' lang='lat' dir='ltr'>bis</span> <span class='ocrx_word' id='word_1_200' title='bbox 393 2667 603 2709; x_wconf 89' lang='lat' dir='ltr'>humiliter</span> <span class='ocrx_word' id='word_1_201' title='bbox 636 2667 902 2722; x_wconf 82' lang='lat' dir='ltr'>supplicatum</span> <span class='ocrx_word' id='word_1_202' title='bbox 929 2667 1031 2719; x_wconf 84' lang='lat' dir='ltr'>fuit,</span> <span class='ocrx_word' id='word_1_203' title='bbox 1066 2678 1109 2708; x_wconf 91' lang='lat' dir='ltr'>ut</span> <span class='ocrx_word' id='word_1_204' title='bbox 1134 2681 1335 2724; x_wconf 81' lang='lat' dir='ltr'>opportu-</span> 
     </span>
     <span class='ocr_line' id='line_1_39' title="bbox 302 2724 1332 2778; baseline 0.001 -9"><span class='ocrx_word' id='word_1_205' title='bbox 302 2740 395 2769; x_wconf 86' lang='lat' dir='ltr'>nam</span> <span class='ocrx_word' id='word_1_206' title='bbox 423 2724 472 2766; x_wconf 88' lang='lat' dir='ltr'>ad</span> <span class='ocrx_word' id='word_1_207' title='bbox 501 2726 576 2767; x_wconf 90' lang='lat' dir='ltr'>hoc</span> <span class='ocrx_word' id='word_1_208' title='bbox 601 2725 806 2768; x_wconf 86' lang='lat' dir='ltr'>licentiam</span> <span class='ocrx_word' id='word_1_209' title='bbox 821 2728 1078 2778; x_wconf 83' lang='lat' dir='ltr'>concedere,</span> <span class='ocrx_word' id='word_1_210' title='bbox 1095 2729 1135 2769; x_wconf 90' lang='lat'>&amp;</span> <span class='ocrx_word' id='word_1_211' title='bbox 1158 2729 1332 2770; x_wconf 58' lang='lat' dir='ltr'>erectio-</span> 
     </span>
     <span class='ocr_line' id='line_1_40' title="bbox 300 2783 1333 2843; baseline 0.003 -17"><span class='ocrx_word' id='word_1_212' title='bbox 300 2798 395 2828; x_wconf 87' lang='lat' dir='ltr'>nem</span> <span class='ocrx_word' id='word_1_213' title='bbox 420 2783 515 2825; x_wconf 71' lang='lat' dir='ltr'>dicti</span> <span class='ocrx_word' id='word_1_214' title='bbox 543 2785 769 2827; x_wconf 83' lang='lat' dir='ltr'>Monasterii</span> <span class='ocrx_word' id='word_1_215' title='bbox 797 2785 1042 2830; x_wconf 89' lang='lat' dir='ltr'>confirmare</span> <span class='ocrx_word' id='word_1_216' title='bbox 1069 2787 1124 2830; x_wconf 86' lang='lat' dir='ltr'>de</span> <span class='ocrx_word' id='word_1_217' title='bbox 1150 2788 1333 2843; x_wconf 84' lang='lat' dir='ltr'>benigni-</span> 
     </span>
     <span class='ocr_line' id='line_1_41' title="bbox 300 2841 950 2899; baseline 0.002 -14"><span class='ocrx_word' id='word_1_218' title='bbox 300 2853 390 2885; x_wconf 86' lang='lat' dir='ltr'>tate</span> <span class='ocrx_word' id='word_1_219' title='bbox 417 2841 643 2897; x_wconf 68' lang='lat' dir='ltr'>apostolica</span> <span class='ocrx_word' id='word_1_220' title='bbox 668 2844 950 2899; x_wconf 83' lang='lat' dir='ltr'>dignaremur.</span> 
     </span>
    </p>

    <p class='ocr_par' dir='ltr' id='par_1_12' title="bbox 298 2901 1332 3663">
     <span class='ocr_line' id='line_1_42' title="bbox 360 2901 1331 2958; baseline 0.004 -14"><span class='ocrx_word' id='word_1_221' title='bbox 360 2905 447 2944; x_wconf 90' lang='lat' dir='ltr'>Nos</span> <span class='ocrx_word' id='word_1_222' title='bbox 467 2901 597 2955; x_wconf 85' lang='lat' dir='ltr'>igitur</span> <span class='ocrx_word' id='word_1_223' title='bbox 625 2915 763 2944; x_wconf 88' lang='lat' dir='ltr'>eorum</span> <span class='ocrx_word' id='word_1_224' title='bbox 795 2904 861 2958; x_wconf 90' lang='lat' dir='ltr'>pio</span> <span class='ocrx_word' id='word_1_225' title='bbox 891 2902 1095 2946; x_wconf 76' lang='lat' dir='ltr'>defiderio</span> <span class='ocrx_word' id='word_1_226' title='bbox 1126 2903 1331 2948; x_wconf 89' lang='lat' dir='ltr'>favorabi-</span> 
     </span>
     <span class='ocr_line' id='line_1_43' title="bbox 298 2961 1331 3018; baseline 0.003 -16"><span class='ocrx_word' id='word_1_227' title='bbox 298 2961 399 3003; x_wconf 83' lang='lat' dir='ltr'>liter</span> <span class='ocrx_word' id='word_1_228' title='bbox 430 2973 637 3008; x_wconf 74' lang='lat' dir='ltr'>annuere‚</span> <span class='ocrx_word' id='word_1_229' title='bbox 669 2962 708 3002; x_wconf 88' lang='lat'>&amp;</span> <span class='ocrx_word' id='word_1_230' title='bbox 737 2962 828 3004; x_wconf 89' lang='lat' dir='ltr'>illos</span> <span class='ocrx_word' id='word_1_231' title='bbox 858 2962 1098 3018; x_wconf 74' lang='lat' dir='ltr'>specialibus</span> <span class='ocrx_word' id='word_1_232' title='bbox 1127 2961 1331 3007; x_wconf 88' lang='lat' dir='ltr'>favoribus</span> 
     </span>
     <span class='ocr_line' id='line_1_44' title="bbox 298 3018 1332 3075; baseline 0.005 -15"><span class='ocrx_word' id='word_1_233' title='bbox 298 3021 339 3060; x_wconf 78' lang='grc' dir='ltr'>δι</span> <span class='ocrx_word' id='word_1_234' title='bbox 369 3019 512 3073; x_wconf 85' lang='lat' dir='ltr'>gratiis</span> <span class='ocrx_word' id='word_1_235' title='bbox 545 3018 730 3075; x_wconf 84' lang='lat' dir='ltr'>prosequi</span> <span class='ocrx_word' id='word_1_236' title='bbox 761 3022 948 3063; x_wconf 90' lang='lat' dir='ltr'>volentes</span> <span class='ocrx_word' id='word_1_237' title='bbox 969 3048 984 3072; x_wconf 87' lang='lat'>,</span> <span class='ocrx_word' id='word_1_238' title='bbox 1014 3023 1054 3063; x_wconf 89' lang='lat'>&amp;</span> <span class='ocrx_word' id='word_1_239' title='bbox 1084 3037 1227 3065; x_wconf 87' lang='lat' dir='ltr'>eorum</span> <span class='ocrx_word' id='word_1_240' title='bbox 1254 3024 1332 3065; x_wconf 79' lang='lat' dir='ltr'>sin·-</span> 
     </span>
     <span class='ocr_line' id='line_1_45' title="bbox 299 3077 1328 3134; baseline 0.005 -16"><span class='ocrx_word' id='word_1_241' title='bbox 299 3078 414 3132; x_wconf 89' lang='lat' dir='ltr'>gulos</span> <span class='ocrx_word' id='word_1_242' title='bbox 443 3077 463 3118; x_wconf 74' lang='grc' dir='ltr'>ἐ</span> <span class='ocrx_word' id='word_1_243' title='bbox 478 3079 680 3134; x_wconf 85' lang='lat' dir='ltr'>quibusvis</span> <span class='ocrx_word' id='word_1_244' title='bbox 701 3081 1134 3122; x_wconf 86' lang='lat' dir='ltr'>excommunicationis</span> <span class='ocrx_word' id='word_1_245' title='bbox 1158 3085 1235 3123; x_wconf 85' lang='lat' dir='ltr'>&amp;c.</span> <span class='ocrx_word' id='word_1_246' title='bbox 1251 3083 1328 3123; x_wconf 76' lang='lat' dir='ltr'>&amp;c-</span> 
     </span>
     <span class='ocr_line' id='line_1_46' title="bbox 299 3135 1328 3195; baseline 0.005 -19"><span class='ocrx_word' id='word_1_247' title='bbox 299 3138 341 3176; x_wconf 86' lang='lat'>&amp;</span> <span class='ocrx_word' id='word_1_248' title='bbox 365 3136 564 3179; x_wconf 84' lang='lat' dir='ltr'>absolutos</span> <span class='ocrx_word' id='word_1_249' title='bbox 591 3135 680 3179; x_wconf 88' lang='lat' dir='ltr'>sore</span> <span class='ocrx_word' id='word_1_250' title='bbox 710 3141 949 3191; x_wconf 79' lang='lat' dir='ltr'>censentes,</span> <span class='ocrx_word' id='word_1_251' title='bbox 982 3139 1210 3194; x_wconf 85' lang='lat' dir='ltr'>hujusmodi</span> <span class='ocrx_word' id='word_1_252' title='bbox 1237 3142 1328 3195; x_wconf 91' lang='lat' dir='ltr'>sup-</span> 
     </span>
     <span class='ocr_line' id='line_1_47' title="bbox 301 3194 1327 3248; baseline 0.008 -14"><span class='ocrx_word' id='word_1_253' title='bbox 301 3194 586 3246; x_wconf 85' lang='lat' dir='ltr'>plicationibus</span> <span class='ocrx_word' id='word_1_254' title='bbox 604 3197 813 3248; x_wconf 87' lang='lat' dir='ltr'>inclinati,</span> <span class='ocrx_word' id='word_1_255' title='bbox 833 3212 883 3240; x_wconf 92' lang='lat' dir='ltr'>ex</span> <span class='ocrx_word' id='word_1_256' title='bbox 900 3202 997 3241; x_wconf 86' lang='lat' dir='ltr'>voto</span> <span class='ocrx_word' id='word_1_257' title='bbox 1016 3201 1120 3241; x_wconf 90' lang='lat' dir='ltr'>Ven.</span> <span class='ocrx_word' id='word_1_258' title='bbox 1138 3202 1327 3242; x_wconf 86' lang='lat' dir='ltr'>Fratrum</span> 
     </span>
     <span class='ocr_line' id='line_1_48' title="bbox 301 3253 1325 3314; baseline 0.007 -23"><span class='ocrx_word' id='word_1_259' title='bbox 301 3253 342 3291; x_wconf 88' lang='lat' dir='ltr'>S.</span> <span class='ocrx_word' id='word_1_260' title='bbox 363 3253 410 3292; x_wconf 85' lang='lat' dir='ltr'>R.</span> <span class='ocrx_word' id='word_1_261' title='bbox 435 3254 478 3292; x_wconf 86' lang='lat' dir='ltr'>E.</span> <span class='ocrx_word' id='word_1_262' title='bbox 494 3254 780 3299; x_wconf 85' lang='lat' dir='ltr'>Cardinalium</span> <span class='ocrx_word' id='word_1_263' title='bbox 797 3259 989 3314; x_wconf 69' lang='lat' dir='ltr'>negot-&amp;c</span> <span class='ocrx_word' id='word_1_264' title='bbox 1004 3258 1192 3300; x_wconf 91' lang='lat' dir='ltr'>Consult.</span> <span class='ocrx_word' id='word_1_265' title='bbox 1211 3258 1325 3313; x_wconf 86' lang='lat' dir='ltr'>Epis-</span> 
     </span>
     <span class='ocr_line' id='line_1_49' title="bbox 301 3314 1323 3373; baseline 0.011 -25"><span class='ocrx_word' id='word_1_266' title='bbox 301 3321 498 3361; x_wconf 87' lang='lat' dir='ltr'>coporum</span> <span class='ocrx_word' id='word_1_267' title='bbox 530 3314 568 3352; x_wconf 90' lang='lat'>&amp;</span> <span class='ocrx_word' id='word_1_268' title='bbox 613 3314 877 3367; x_wconf 84' lang='lat' dir='ltr'>Regularium</span> <span class='ocrx_word' id='word_1_269' title='bbox 914 3317 1216 3372; x_wconf 84' lang='lat' dir='ltr'>praepofitorum</span> <span class='ocrx_word' id='word_1_270' title='bbox 1246 3331 1323 3373; x_wconf 88' lang='lat' dir='ltr'>per</span> 
     </span>
     <span class='ocr_line' id='line_1_50' title="bbox 301 3363 1321 3427; baseline 0.012 -21"><span class='ocrx_word' id='word_1_271' title='bbox 301 3363 510 3419; x_wconf 76' lang='lat' dir='ltr'>praesentes</span> <span class='ocrx_word' id='word_1_272' title='bbox 545 3374 834 3416; x_wconf 88' lang='lat' dir='ltr'>committimus</span> <span class='ocrx_word' id='word_1_273' title='bbox 856 3404 870 3427; x_wconf 87' lang='lat'>,</span> <span class='ocrx_word' id='word_1_274' title='bbox 901 3377 941 3416; x_wconf 90' lang='lat'>&amp;</span> <span class='ocrx_word' id='word_1_275' title='bbox 972 3375 1206 3418; x_wconf 90' lang='lat' dir='ltr'>mandamus</span> <span class='ocrx_word' id='word_1_276' title='bbox 1228 3401 1242 3424; x_wconf 65' lang='lat'>2</span> <span class='ocrx_word' id='word_1_277' title='bbox 1274 3386 1321 3418; x_wconf 91' lang='lat' dir='ltr'>ut</span> 
     </span>
     <span class='ocr_line' id='line_1_51' title="bbox 302 3422 1322 3487; baseline 0.014 -25"><span class='ocrx_word' id='word_1_278' title='bbox 302 3422 581 3487; x_wconf 83' lang='lat' dir='ltr'>fundationem</span> <span class='ocrx_word' id='word_1_279' title='bbox 599 3429 635 3468; x_wconf 70' lang='grc' dir='ltr'>δι</span> <span class='ocrx_word' id='word_1_280' title='bbox 653 3433 898 3476; x_wconf 65' lang='lat' dir='ltr'>erectionem</span> <span class='ocrx_word' id='word_1_281' title='bbox 916 3434 1144 3478; x_wconf 87' lang='lat' dir='ltr'>Monasterii</span> <span class='ocrx_word' id='word_1_282' title='bbox 1161 3435 1322 3479; x_wconf 89' lang='lat' dir='ltr'>Monia-</span> 
     </span>
     <span class='ocr_line' id='line_1_52' title="bbox 302 3480 1323 3550; baseline 0.013 -27"><span class='ocrx_word' id='word_1_283' title='bbox 302 3481 399 3523; x_wconf 81' lang='lat' dir='ltr'>lium</span> <span class='ocrx_word' id='word_1_284' title='bbox 425 3480 493 3524; x_wconf 92' lang='lat' dir='ltr'>sub</span> <span class='ocrx_word' id='word_1_285' title='bbox 520 3483 777 3530; x_wconf 88' lang='lat' dir='ltr'>invocatione</span> <span class='ocrx_word' id='word_1_286' title='bbox 794 3493 1114 3547; x_wconf 87' lang='lat' dir='ltr'>Conceptionis,</span> <span class='ocrx_word' id='word_1_287' title='bbox 1137 3495 1177 3535; x_wconf 75' lang='grc' dir='ltr'>δι</span> <span class='ocrx_word' id='word_1_288' title='bbox 1201 3507 1323 3550; x_wconf 85' lang='lat' dir='ltr'>regu·</span> 
     </span>
     <span class='ocr_line' id='line_1_53' title="bbox 302 3537 1323 3603; baseline 0.017 -24"><span class='ocrx_word' id='word_1_289' title='bbox 302 3537 340 3603; x_wconf 71' lang='lat' dir='ltr'>la</span> <span class='ocrx_word' id='word_1_290' title='bbox 369 3542 406 3579; x_wconf 90' lang='lat' dir='ltr'>S.</span> <span class='ocrx_word' id='word_1_291' title='bbox 425 3538 552 3581; x_wconf 84' lang='lat' dir='ltr'>Clarae</span> <span class='ocrx_word' id='word_1_292' title='bbox 570 3541 607 3582; x_wconf 90' lang='lat' dir='ltr'>in</span> <span class='ocrx_word' id='word_1_293' title='bbox 632 3543 734 3588; x_wconf 64' lang='lat' dir='ltr'>dieta</span> <span class='ocrx_word' id='word_1_294' title='bbox 760 3550 888 3592; x_wconf 87' lang='lat' dir='ltr'>Terra</span> <span class='ocrx_word' id='word_1_295' title='bbox 914 3552 1064 3594; x_wconf 90' lang='lat' dir='ltr'>Montis</span> <span class='ocrx_word' id='word_1_296' title='bbox 1086 3553 1323 3596; x_wconf 65' lang='lat' dir='ltr'>Altiausto-</span> 
     </span>
     <span class='ocr_line' id='line_1_54' title="bbox 298 3599 1319 3663; baseline 0.001 -10"><span class='ocrx_word' id='word_1_297' title='bbox 298 3606 426 3638; x_wconf 58' lang='lat' dir='ltr'>”nte</span> <span class='ocrx_word' id='word_1_298' title='bbox 454 3599 581 3639; x_wconf 62' lang='lat' dir='ltr'>”Ostra</span> <span class='ocrx_word' id='word_1_299' title='bbox 617 3603 840 3653; x_wconf 71' lang='lat' dir='ltr'>Apostolica</span> <span class='ocrx_word' id='word_1_300' title='bbox 870 3612 1073 3663; x_wconf 80' lang='lat' dir='ltr'>perpetuo</span> <span class='ocrx_word' id='word_1_301' title='bbox 1107 3611 1319 3654; x_wconf 84' lang='lat' dir='ltr'>confirmes</span> 
     </span>
    </p>
   </div>
   <div class='ocr_carea' id='block_1_11' title="bbox 299 3655 1317 3783">
    <p class='ocr_par' dir='ltr' id='par_1_13' title="bbox 299 3655 1317 3783">
     <span class='ocr_line' id='line_1_55' title="bbox 299 3655 1317 3726; baseline 0.02 -34"><span class='ocrx_word' id='word_1_302' title='bbox 299 3655 340 3694; x_wconf 87' lang='lat'>&amp;</span> <span class='ocrx_word' id='word_1_303' title='bbox 363 3655 589 3722; x_wconf 75' lang='lat' dir='ltr'>approbes:</span> <span class='ocrx_word' id='word_1_304' title='bbox 618 3673 688 3701; x_wconf 90' lang='lat' dir='ltr'>nec</span> <span class='ocrx_word' id='word_1_305' title='bbox 706 3676 783 3704; x_wconf 90' lang='lat' dir='ltr'>non</span> <span class='ocrx_word' id='word_1_306' title='bbox 805 3664 843 3706; x_wconf 92' lang='lat' dir='ltr'>in</span> <span class='ocrx_word' id='word_1_307' title='bbox 867 3667 967 3708; x_wconf 87' lang='lat' dir='ltr'>illud</span> <span class='ocrx_word' id='word_1_308' title='bbox 984 3697 996 3719; x_wconf 84' lang='lat'>,</span> <span class='ocrx_word' id='word_1_309' title='bbox 1014 3671 1038 3710; x_wconf 82' lang='lat' dir='ltr'>fi</span> <span class='ocrx_word' id='word_1_310' title='bbox 1053 3671 1092 3710; x_wconf 74' lang='grc' dir='ltr'>δε</span> <span class='ocrx_word' id='word_1_311' title='bbox 1113 3671 1317 3726; x_wconf 88' lang='lat' dir='ltr'>postquam</span> 
     </span>
     <span class='ocr_line' id='line_1_56' title="bbox 300 3712 1317 3783; baseline 0.018 -31"><span class='ocrx_word' id='word_1_312' title='bbox 300 3712 449 3755; x_wconf 77' lang='lat' dir='ltr'>fabr1ca</span> <span class='ocrx_word' id='word_1_313' title='bbox 474 3714 514 3753; x_wconf 91' lang='lat'>&amp;</span> <span class='ocrx_word' id='word_1_314' title='bbox 537 3714 727 3760; x_wconf 77' lang='lat' dir='ltr'>clausura</span> <span class='ocrx_word' id='word_1_315' title='bbox 747 3721 904 3775; x_wconf 72' lang='lat' dir='ltr'>integre</span> <span class='ocrx_word' id='word_1_316' title='bbox 931 3729 1133 3783; x_wconf 87' lang='lat' dir='ltr'>completa</span> <span class='ocrx_word' id='word_1_317' title='bbox 1152 3731 1215 3778; x_wconf 77' lang='grc' dir='ltr'>,δι</span> <span class='ocrx_word' id='word_1_318' title='bbox 1231 3743 1317 3770; x_wconf 93' lang='lat' dir='ltr'>mo-</span> 
     </span>
    </p>
   </div>
   <div class='ocr_carea' id='block_1_12' title="bbox 1414 435 2456 1196">
    <p class='ocr_par' dir='ltr' id='par_1_14' title="bbox 1414 435 2456 1196">
     <span class='ocr_line' id='line_1_57' title="bbox 1421 435 2456 494; baseline 0.004 -18"><span class='ocrx_word' id='word_1_319' title='bbox 1421 443 1558 477; x_wconf 86' lang='lat' dir='ltr'>torum</span> <span class='ocrx_word' id='word_1_320' title='bbox 1583 437 1624 477; x_wconf 89' lang='lat'>&amp;</span> <span class='ocrx_word' id='word_1_321' title='bbox 1652 435 1906 491; x_wconf 83' lang='lat' dir='ltr'>septuaginta</span> <span class='ocrx_word' id='word_1_322' title='bbox 1935 436 2134 476; x_wconf 86' lang='lat' dir='ltr'>excedant</span> <span class='ocrx_word' id='word_1_323' title='bbox 2159 462 2172 485; x_wconf 82' lang='lat'>,</span> <span class='ocrx_word' id='word_1_324' title='bbox 2193 451 2237 478; x_wconf 87' lang='lat' dir='ltr'>ac</span> <span class='ocrx_word' id='word_1_325' title='bbox 2263 437 2354 487; x_wconf 85' lang='lat' dir='ltr'>illi,</span> <span class='ocrx_word' id='word_1_326' title='bbox 2385 437 2456 494; x_wconf 86' lang='lat' dir='ltr'>qui</span> 
     </span>
     <span class='ocr_line' id='line_1_58' title="bbox 1418 492 2455 550; baseline 0.004 -16"><span class='ocrx_word' id='word_1_327' title='bbox 1418 507 1493 547; x_wconf 90' lang='lat' dir='ltr'>pro</span> <span class='ocrx_word' id='word_1_328' title='bbox 1515 492 1617 534; x_wconf 91' lang='lat' dir='ltr'>dote</span> <span class='ocrx_word' id='word_1_329' title='bbox 1647 505 1852 550; x_wconf 86' lang='lat' dir='ltr'>per-petuo</span> <span class='ocrx_word' id='word_1_330' title='bbox 1878 493 2059 548; x_wconf 81' lang='lat' dir='ltr'>affignati</span> <span class='ocrx_word' id='word_1_331' title='bbox 2086 495 2382 547; x_wconf 89' lang='lat' dir='ltr'>reperiuntur,</span> <span class='ocrx_word' id='word_1_332' title='bbox 2413 497 2455 538; x_wconf 89' lang='lat' dir='ltr'>in</span> 
     </span>
     <span class='ocr_line' id='line_1_59' title="bbox 1415 551 2453 600; baseline 0.003 -7"><span class='ocrx_word' id='word_1_333' title='bbox 1415 552 1534 593; x_wconf 90' lang='lat' dir='ltr'>bonis</span> <span class='ocrx_word' id='word_1_334' title='bbox 1576 551 1811 600; x_wconf 78' lang='lat' dir='ltr'>stabilibus,</span> <span class='ocrx_word' id='word_1_335' title='bbox 1851 554 1890 594; x_wconf 75' lang='grc' dir='ltr'>δι</span> <span class='ocrx_word' id='word_1_336' title='bbox 1928 553 2018 595; x_wconf 87' lang='lat' dir='ltr'>aliis</span> <span class='ocrx_word' id='word_1_337' title='bbox 2058 552 2285 595; x_wconf 85' lang='lat' dir='ltr'>redditibus</span> <span class='ocrx_word' id='word_1_338' title='bbox 2326 554 2453 596; x_wconf 87' lang='lat' dir='ltr'>certis</span> 
     </span>
     <span class='ocr_line' id='line_1_60' title="bbox 1416 611 2454 666; baseline 0.001 -14"><span class='ocrx_word' id='word_1_339' title='bbox 1416 612 1456 652; x_wconf 78' lang='grc' dir='ltr'>δι</span> <span class='ocrx_word' id='word_1_340' title='bbox 1475 611 1681 665; x_wconf 88' lang='lat' dir='ltr'>perpetuis</span> <span class='ocrx_word' id='word_1_341' title='bbox 1709 611 1834 666; x_wconf 80' lang='lat' dir='ltr'>usque</span> <span class='ocrx_word' id='word_1_342' title='bbox 1851 611 1901 652; x_wconf 89' lang='lat' dir='ltr'>ad</span> <span class='ocrx_word' id='word_1_343' title='bbox 1922 615 2100 654; x_wconf 89' lang='lat' dir='ltr'>Ducatos</span> <span class='ocrx_word' id='word_1_344' title='bbox 2115 621 2257 665; x_wconf 88' lang='lat' dir='ltr'>quater</span> <span class='ocrx_word' id='word_1_345' title='bbox 2282 622 2454 656; x_wconf 87' lang='lat' dir='ltr'>centum</span> 
     </span>
     <span class='ocr_line' id='line_1_61' title="bbox 1417 665 2454 724; baseline 0.002 -13"><span class='ocrx_word' id='word_1_346' title='bbox 1417 679 1514 711; x_wconf 86' lang='lat' dir='ltr'>ante</span> <span class='ocrx_word' id='word_1_347' title='bbox 1545 665 1760 722; x_wconf 69' lang='lat' dir='ltr'>ingressum</span> <span class='ocrx_word' id='word_1_348' title='bbox 1787 671 2026 713; x_wconf 82' lang='lat' dir='ltr'>Monialium</span> <span class='ocrx_word' id='word_1_349' title='bbox 2055 681 2302 724; x_wconf 86' lang='lat' dir='ltr'>augeantur,</span> <span class='ocrx_word' id='word_1_350' title='bbox 2333 672 2371 712; x_wconf 90' lang='lat'>&amp;</span> <span class='ocrx_word' id='word_1_351' title='bbox 2398 671 2454 713; x_wconf 84' lang='lat' dir='ltr'>de</span> 
     </span>
     <span class='ocr_line' id='line_1_62' title="bbox 1416 726 2455 785; baseline 0.003 -16"><span class='ocrx_word' id='word_1_352' title='bbox 1416 726 1678 783; x_wconf 80' lang='lat' dir='ltr'>affignatione</span> <span class='ocrx_word' id='word_1_353' title='bbox 1713 729 1754 769; x_wconf 87' lang='lat'>&amp;</span> <span class='ocrx_word' id='word_1_354' title='bbox 1789 741 2005 782; x_wconf 84' lang='lat' dir='ltr'>augmento</span> <span class='ocrx_word' id='word_1_355' title='bbox 2032 743 2107 785; x_wconf 88' lang='lat' dir='ltr'>per</span> <span class='ocrx_word' id='word_1_356' title='bbox 2141 728 2302 783; x_wconf 90' lang='lat' dir='ltr'>publica</span> <span class='ocrx_word' id='word_1_357' title='bbox 2326 729 2455 777; x_wconf 48' lang='lat' dir='ltr'>docuq</span> 
     </span>
     <span class='ocr_line' id='line_1_63' title="bbox 1417 785 2454 843; baseline 0.003 -16"><span class='ocrx_word' id='word_1_358' title='bbox 1417 796 1553 828; x_wconf 87' lang='lat' dir='ltr'>menta</span> <span class='ocrx_word' id='word_1_359' title='bbox 1581 785 1764 834; x_wconf 74' lang='lat' dir='ltr'>constet,</span> <span class='ocrx_word' id='word_1_360' title='bbox 1797 789 1997 831; x_wconf 88' lang='lat' dir='ltr'>Moniales</span> <span class='ocrx_word' id='word_1_361' title='bbox 2030 786 2236 830; x_wconf 87' lang='lat' dir='ltr'>introduci</span> <span class='ocrx_word' id='word_1_362' title='bbox 2268 785 2375 843; x_wconf 84' lang='lat' dir='ltr'>posse</span> <span class='ocrx_word' id='word_1_363' title='bbox 2403 787 2454 830; x_wconf 87' lang='lat' dir='ltr'>li-</span> 
     </span>
     <span class='ocr_line' id='line_1_64' title="bbox 1415 843 2451 900; baseline 0.003 -15"><span class='ocrx_word' id='word_1_364' title='bbox 1415 843 1589 886; x_wconf 85' lang='lat' dir='ltr'>centiam</span> <span class='ocrx_word' id='word_1_365' title='bbox 1619 858 1664 886; x_wconf 92' lang='lat' dir='ltr'>ac</span> <span class='ocrx_word' id='word_1_366' title='bbox 1696 843 1932 889; x_wconf 87' lang='lat' dir='ltr'>facultatem</span> <span class='ocrx_word' id='word_1_367' title='bbox 1965 846 2196 900; x_wconf 82' lang='lat' dir='ltr'>concedas;</span> <span class='ocrx_word' id='word_1_368' title='bbox 2228 860 2273 888; x_wconf 88' lang='lat' dir='ltr'>ac</span> <span class='ocrx_word' id='word_1_369' title='bbox 2302 845 2451 888; x_wconf 54' lang='lat' dir='ltr'>eadem</span> 
     </span>
     <span class='ocr_line' id='line_1_65' title="bbox 1415 902 2455 957; baseline 0.003 -14"><span class='ocrx_word' id='word_1_370' title='bbox 1415 902 1663 943; x_wconf 67' lang='lat' dir='ltr'>auctoritate</span> <span class='ocrx_word' id='word_1_371' title='bbox 1692 903 1908 957; x_wconf 86' lang='lat' dir='ltr'>provideas</span> <span class='ocrx_word' id='word_1_372' title='bbox 1937 908 1977 948; x_wconf 66' lang='grc' dir='ltr'>ὃς</span> <span class='ocrx_word' id='word_1_373' title='bbox 2006 907 2151 948; x_wconf 81' lang='lat' dir='ltr'>statuas</span> <span class='ocrx_word' id='word_1_374' title='bbox 2177 931 2192 953; x_wconf 67' lang='lat' dir='ltr'>a</span> <span class='ocrx_word' id='word_1_375' title='bbox 2231 915 2274 947; x_wconf 91' lang='lat' dir='ltr'>ut</span> <span class='ocrx_word' id='word_1_376' title='bbox 2313 905 2455 949; x_wconf 79' lang='lat' dir='ltr'>Servi-</span> 
     </span>
     <span class='ocr_line' id='line_1_66' title="bbox 1415 959 2451 1019; baseline 0.005 -19"><span class='ocrx_word' id='word_1_377' title='bbox 1415 961 1514 1001; x_wconf 88' lang='lat' dir='ltr'>tium</span> <span class='ocrx_word' id='word_1_378' title='bbox 1529 959 1677 1002; x_wconf 89' lang='lat' dir='ltr'>Medici</span> <span class='ocrx_word' id='word_1_379' title='bbox 1691 961 1787 1002; x_wconf 65' lang='lat' dir='ltr'>dieti</span> <span class='ocrx_word' id='word_1_380' title='bbox 1804 964 2037 1006; x_wconf 81' lang='lat' dir='ltr'>Monasterii</span> <span class='ocrx_word' id='word_1_381' title='bbox 2053 965 2177 1018; x_wconf 85' lang='lat' dir='ltr'>gratis</span> <span class='ocrx_word' id='word_1_382' title='bbox 2193 963 2365 1019; x_wconf 70' lang='lat' dir='ltr'>praestari</span> <span class='ocrx_word' id='word_1_383' title='bbox 2379 963 2451 1006; x_wconf 61' lang='lat' dir='ltr'>de.¹</span> 
     </span>
     <span class='ocr_line' id='line_1_67' title="bbox 1414 1017 2452 1077; baseline 0.002 -16"><span class='ocrx_word' id='word_1_384' title='bbox 1414 1019 1538 1070; x_wconf 88' lang='lat' dir='ltr'>beat,</span> <span class='ocrx_word' id='word_1_385' title='bbox 1572 1020 1688 1070; x_wconf 89' lang='lat' dir='ltr'>Dos,</span> <span class='ocrx_word' id='word_1_386' title='bbox 1714 1017 1779 1061; x_wconf 89' lang='lat' dir='ltr'>seu</span> <span class='ocrx_word' id='word_1_387' title='bbox 1810 1020 2071 1076; x_wconf 77' lang='lat' dir='ltr'>elemosyna,</span> <span class='ocrx_word' id='word_1_388' title='bbox 2097 1035 2218 1077; x_wconf 82' lang='lat' dir='ltr'>quam</span> <span class='ocrx_word' id='word_1_389' title='bbox 2247 1021 2452 1064; x_wconf 86' lang='lat' dir='ltr'>Moniales</span> 
     </span>
     <span class='ocr_line' id='line_1_68' title="bbox 1414 1076 2451 1135; baseline 0.001 -15"><span class='ocrx_word' id='word_1_390' title='bbox 1414 1078 1551 1120; x_wconf 89' lang='lat' dir='ltr'>secum</span> <span class='ocrx_word' id='word_1_391' title='bbox 1579 1076 1724 1119; x_wconf 87' lang='lat' dir='ltr'>afferre</span> <span class='ocrx_word' id='word_1_392' title='bbox 1755 1077 1916 1128; x_wconf 85' lang='lat' dir='ltr'>solent,</span> <span class='ocrx_word' id='word_1_393' title='bbox 1951 1080 2003 1123; x_wconf 90' lang='lat' dir='ltr'>ad</span> <span class='ocrx_word' id='word_1_394' title='bbox 2037 1082 2221 1122; x_wconf 90' lang='lat' dir='ltr'>Ducatos</span> <span class='ocrx_word' id='word_1_395' title='bbox 2253 1092 2348 1122; x_wconf 85' lang='lat'>200.</span> <span class='ocrx_word' id='word_1_396' title='bbox 2374 1094 2451 1135; x_wconf 87' lang='lat' dir='ltr'>pro</span> 
     </span>
     <span class='ocr_line' id='line_1_69' title="bbox 1414 1136 2452 1196; baseline 0.001 -16"><span class='ocrx_word' id='word_1_397' title='bbox 1414 1137 1597 1193; x_wconf 85' lang='lat' dir='ltr'>qualibet</span> <span class='ocrx_word' id='word_1_398' title='bbox 1613 1165 1626 1187; x_wconf 92' lang='lat'>,</span> <span class='ocrx_word' id='word_1_399' title='bbox 1641 1136 1721 1178; x_wconf 85' lang='lat' dir='ltr'>five</span> <span class='ocrx_word' id='word_1_400' title='bbox 1746 1137 1909 1196; x_wconf 76' lang='lat' dir='ltr'>Nobilis</span> <span class='ocrx_word' id='word_1_401' title='bbox 1930 1138 2012 1182; x_wconf 84' lang='lat' dir='ltr'>five</span> <span class='ocrx_word' id='word_1_402' title='bbox 2031 1139 2147 1182; x_wconf 89' lang='lat' dir='ltr'>Civis</span> <span class='ocrx_word' id='word_1_403' title='bbox 2175 1137 2252 1189; x_wconf 84' lang='lat' dir='ltr'>fit,</span> <span class='ocrx_word' id='word_1_404' title='bbox 2281 1147 2452 1181; x_wconf 83' lang='lat' dir='ltr'>taxetur</span> 
     </span>
    </p>
   </div>
   <div class='ocr_carea' id='block_1_13' title="bbox 1372 1195 2447 1252">
    <p class='ocr_par' dir='ltr' id='par_1_15' title="bbox 1372 1195 2447 1252">
     <span class='ocr_line' id='line_1_70' title="bbox 1372 1195 2447 1252; baseline -0.001 -12"><span class='ocrx_word' id='word_1_405' title='bbox 1372 1196 1521 1241; x_wconf 65' lang='lat' dir='ltr'>cultra</span> <span class='ocrx_word' id='word_1_406' title='bbox 1544 1204 1811 1252; x_wconf 84' lang='lat' dir='ltr'>apparatum,</span> <span class='ocrx_word' id='word_1_407' title='bbox 1844 1197 2030 1241; x_wconf 90' lang='lat' dir='ltr'>vestitum</span> <span class='ocrx_word' id='word_1_408' title='bbox 2053 1199 2091 1238; x_wconf 71' lang='grc' dir='ltr'>ὃς</span> <span class='ocrx_word' id='word_1_409' title='bbox 2123 1199 2227 1240; x_wconf 90' lang='lat' dir='ltr'>bona</span> <span class='ocrx_word' id='word_1_410' title='bbox 2256 1195 2447 1250; x_wconf 76' lang='lat' dir='ltr'>mobilia,-</span> 
     </span>
    </p>
   </div>
   <div class='ocr_carea' id='block_1_14' title="bbox 1392 1253 2449 3078">
    <p class='ocr_par' dir='ltr' id='par_1_16' title="bbox 1392 1253 2449 3078">
     <span class='ocr_line' id='line_1_71' title="bbox 1411 1253 2448 1312; baseline 0.002 -16"><span class='ocrx_word' id='word_1_411' title='bbox 1411 1269 1496 1310; x_wconf 81' lang='lat' dir='ltr'>quae</span> <span class='ocrx_word' id='word_1_412' title='bbox 1519 1268 1593 1309; x_wconf 89' lang='lat' dir='ltr'>pro</span> <span class='ocrx_word' id='word_1_413' title='bbox 1614 1253 1684 1296; x_wconf 90' lang='lat' dir='ltr'>usu</span> <span class='ocrx_word' id='word_1_414' title='bbox 1718 1255 1885 1310; x_wconf 90' lang='lat' dir='ltr'>proprio</span> <span class='ocrx_word' id='word_1_415' title='bbox 1911 1256 1950 1298; x_wconf 89' lang='lat' dir='ltr'>in</span> <span class='ocrx_word' id='word_1_416' title='bbox 1977 1255 2149 1312; x_wconf 77' lang='lat' dir='ltr'>ingressu</span> <span class='ocrx_word' id='word_1_417' title='bbox 2177 1254 2339 1310; x_wconf 71' lang='lat' dir='ltr'>singulis</span> <span class='ocrx_word' id='word_1_418' title='bbox 2354 1257 2448 1298; x_wconf 83' lang='lat' dir='ltr'>Mo-</span> 
     </span>
     <span class='ocr_line' id='line_1_72' title="bbox 1411 1311 2449 1368; baseline -0.002 -11"><span class='ocrx_word' id='word_1_419' title='bbox 1411 1311 1587 1357; x_wconf 86' lang='lat' dir='ltr'>nialibus</span> <span class='ocrx_word' id='word_1_420' title='bbox 1602 1311 1826 1368; x_wconf 77' lang='lat' dir='ltr'>confignari</span> <span class='ocrx_word' id='word_1_421' title='bbox 1856 1313 1987 1358; x_wconf 86' lang='lat' dir='ltr'>solent</span> <span class='ocrx_word' id='word_1_422' title='bbox 2003 1345 2016 1367; x_wconf 83' lang='lat'>‚</span> <span class='ocrx_word' id='word_1_423' title='bbox 2043 1329 2092 1357; x_wconf 89' lang='lat' dir='ltr'>ex</span> <span class='ocrx_word' id='word_1_424' title='bbox 2113 1313 2342 1368; x_wconf 86' lang='lat' dir='ltr'>hujusmodi</span> <span class='ocrx_word' id='word_1_425' title='bbox 2360 1316 2449 1357; x_wconf 90' lang='lat' dir='ltr'>Do-.</span> 
     </span>
     <span class='ocr_line' id='line_1_73' title="bbox 1412 1370 2447 1430; baseline 0.001 -16"><span class='ocrx_word' id='word_1_426' title='bbox 1412 1383 1455 1415; x_wconf 87' lang='lat' dir='ltr'>te</span> <span class='ocrx_word' id='word_1_427' title='bbox 1488 1375 1740 1415; x_wconf 84' lang='lat' dir='ltr'>Ducatorum</span> <span class='ocrx_word' id='word_1_428' title='bbox 1773 1371 1996 1417; x_wconf 87' lang='lat' dir='ltr'>biscentum</span> <span class='ocrx_word' id='word_1_429' title='bbox 2026 1373 2111 1430; x_wconf 88' lang='lat' dir='ltr'>post</span> <span class='ocrx_word' id='word_1_430' title='bbox 2145 1370 2320 1415; x_wconf 74' lang='lat' dir='ltr'>emissam</span> <span class='ocrx_word' id='word_1_431' title='bbox 2354 1387 2447 1429; x_wconf 64' lang='lat' dir='ltr'>pro.⁴</span> 
     </span>
     <span class='ocr_line' id='line_1_74' title="bbox 1412 1430 2444 1487; baseline 0.001 -13"><span class='ocrx_word' id='word_1_432' title='bbox 1412 1430 1623 1474; x_wconf 84' lang='lat' dir='ltr'>feffionem</span> <span class='ocrx_word' id='word_1_433' title='bbox 1667 1431 1973 1487; x_wconf 88' lang='lat' dir='ltr'>uniuscujusque</span> <span class='ocrx_word' id='word_1_434' title='bbox 2018 1432 2206 1476; x_wconf 89' lang='lat' dir='ltr'>Monialis</span> <span class='ocrx_word' id='word_1_435' title='bbox 2231 1430 2300 1474; x_wconf 88' lang='lat' dir='ltr'>fiat</span> <span class='ocrx_word' id='word_1_436' title='bbox 2330 1433 2444 1475; x_wconf 85' lang='lat' dir='ltr'>inve-</span> 
     </span>
     <span class='ocr_line' id='line_1_75' title="bbox 1408 1491 2442 1548; baseline 0.001 -16"><span class='ocrx_word' id='word_1_437' title='bbox 1408 1491 1517 1532; x_wconf 87' lang='lat' dir='ltr'>stitio</span> <span class='ocrx_word' id='word_1_438' title='bbox 1542 1492 1579 1531; x_wconf 88' lang='lat' dir='ltr'>in</span> <span class='ocrx_word' id='word_1_439' title='bbox 1609 1491 1723 1533; x_wconf 85' lang='lat' dir='ltr'>bonis</span> <span class='ocrx_word' id='word_1_440' title='bbox 1740 1491 1946 1534; x_wconf 86' lang='lat' dir='ltr'>stabilibus</span> <span class='ocrx_word' id='word_1_441' title='bbox 1962 1507 2036 1548; x_wconf 83' lang='lat' dir='ltr'>pro</span> <span class='ocrx_word' id='word_1_442' title='bbox 2063 1491 2442 1546; x_wconf 75' lang='lat' dir='ltr'>Monasterio-,quae</span> 
     </span>
     <span class='ocr_line' id='line_1_76' title="bbox 1406 1546 2444 1603; baseline 0 -12"><span class='ocrx_word' id='word_1_443' title='bbox 1406 1551 1447 1591; x_wconf 91' lang='lat' dir='ltr'>in</span> <span class='ocrx_word' id='word_1_444' title='bbox 1462 1549 1585 1592; x_wconf 88' lang='lat' dir='ltr'>alium</span> <span class='ocrx_word' id='word_1_445' title='bbox 1618 1547 1726 1591; x_wconf 91' lang='lat' dir='ltr'>usum</span> <span class='ocrx_word' id='word_1_446' title='bbox 1755 1551 1943 1592; x_wconf 88' lang='lat' dir='ltr'>converti</span> <span class='ocrx_word' id='word_1_447' title='bbox 1966 1565 2042 1592; x_wconf 91' lang='lat' dir='ltr'>non</span> <span class='ocrx_word' id='word_1_448' title='bbox 2067 1548 2236 1603; x_wconf 83' lang='lat' dir='ltr'>poffint,</span> <span class='ocrx_word' id='word_1_449' title='bbox 2261 1546 2444 1591; x_wconf 80' lang='lat' dir='ltr'>institua-</span> 
     </span>
     <span class='ocr_line' id='line_1_77' title="bbox 1405 1607 2443 1665; baseline 0.002 -15"><span class='ocrx_word' id='word_1_450' title='bbox 1405 1620 1473 1650; x_wconf 88' lang='lat' dir='ltr'>tur</span> <span class='ocrx_word' id='word_1_451' title='bbox 1491 1609 1572 1650; x_wconf 83' lang='lat' dir='ltr'>vita</span> <span class='ocrx_word' id='word_1_452' title='bbox 1591 1608 1816 1650; x_wconf 88' lang='lat' dir='ltr'>communis</span> <span class='ocrx_word' id='word_1_453' title='bbox 1832 1637 1846 1660; x_wconf 83' lang='lat'>,</span> <span class='ocrx_word' id='word_1_454' title='bbox 1861 1609 2013 1660; x_wconf 67' lang='lat' dir='ltr'>victus,</span> <span class='ocrx_word' id='word_1_455' title='bbox 2027 1611 2064 1650; x_wconf 91' lang='lat'>&amp;</span> <span class='ocrx_word' id='word_1_456' title='bbox 2085 1608 2249 1653; x_wconf 80' lang='lat' dir='ltr'>vestitus</span> <span class='ocrx_word' id='word_1_457' title='bbox 2270 1607 2443 1665; x_wconf 60' lang='lat' dir='ltr'>adjicis-,¹</span> 
     </span>
     <span class='ocr_line' id='line_1_78' title="bbox 1406 1663 2441 1722; baseline -0.001 -12"><span class='ocrx_word' id='word_1_458' title='bbox 1406 1678 1472 1711; x_wconf 83' lang='lat' dir='ltr'>tur</span> <span class='ocrx_word' id='word_1_459' title='bbox 1503 1663 1751 1709; x_wconf 80' lang='lat' dir='ltr'>Reformatae</span> <span class='ocrx_word' id='word_1_460' title='bbox 1768 1668 1936 1721; x_wconf 81' lang='lat' dir='ltr'>Regulae</span> <span class='ocrx_word' id='word_1_461' title='bbox 1963 1673 2005 1711; x_wconf 86' lang='lat' dir='ltr'>S.</span> <span class='ocrx_word' id='word_1_462' title='bbox 2023 1667 2156 1710; x_wconf 84' lang='lat' dir='ltr'>Clara:</span> <span class='ocrx_word' id='word_1_463' title='bbox 2174 1695 2188 1718; x_wconf 81' lang='lat'>,</span> <span class='ocrx_word' id='word_1_464' title='bbox 2212 1681 2327 1722; x_wconf 85' lang='lat' dir='ltr'>quam</span> <span class='ocrx_word' id='word_1_465' title='bbox 2345 1669 2441 1709; x_wconf 71' lang='grc' dir='ltr'>Μοό</span> 
     </span>
     <span class='ocr_line' id='line_1_79' title="bbox 1403 1723 2440 1782; baseline 0 -12"><span class='ocrx_word' id='word_1_466' title='bbox 1403 1725 1532 1770; x_wconf 88' lang='lat' dir='ltr'>niales</span> <span class='ocrx_word' id='word_1_467' title='bbox 1559 1737 1682 1767; x_wconf 87' lang='lat' dir='ltr'>erunt</span> <span class='ocrx_word' id='word_1_468' title='bbox 1711 1723 1969 1782; x_wconf 80' lang='lat' dir='ltr'>professurae,</span> <span class='ocrx_word' id='word_1_469' title='bbox 1997 1728 2037 1768; x_wconf 89' lang='lat'>&amp;</span> <span class='ocrx_word' id='word_1_470' title='bbox 2062 1739 2182 1781; x_wconf 88' lang='lat' dir='ltr'>quam</span> <span class='ocrx_word' id='word_1_471' title='bbox 2206 1724 2440 1781; x_wconf 77' lang='lat' dir='ltr'>Regulam...</span> 
     </span>
     <span class='ocr_line' id='line_1_80' title="bbox 1401 1783 2439 1842; baseline 0 -15"><span class='ocrx_word' id='word_1_472' title='bbox 1401 1783 1523 1842; x_wconf 85' lang='lat' dir='ltr'>ipfius</span> <span class='ocrx_word' id='word_1_473' title='bbox 1557 1786 1789 1827; x_wconf 80' lang='lat' dir='ltr'>Monasterii</span> <span class='ocrx_word' id='word_1_474' title='bbox 1819 1786 2020 1828; x_wconf 87' lang='lat' dir='ltr'>Moniales</span> <span class='ocrx_word' id='word_1_475' title='bbox 2050 1799 2126 1840; x_wconf 88' lang='lat' dir='ltr'>pro</span> <span class='ocrx_word' id='word_1_476' title='bbox 2151 1795 2338 1840; x_wconf 84' lang='lat' dir='ltr'>tempore</span> <span class='ocrx_word' id='word_1_477' title='bbox 2364 1783 2439 1827; x_wconf 70' lang='lat' dir='ltr'>ill-³</span> 
     </span>
     <span class='ocr_line' id='line_1_81' title="bbox 1403 1843 2442 1898; baseline 0.001 -13"><span class='ocrx_word' id='word_1_478' title='bbox 1403 1843 1590 1889; x_wconf 89' lang='lat' dir='ltr'>omnibus</span> <span class='ocrx_word' id='word_1_479' title='bbox 1610 1843 1832 1886; x_wconf 67' lang='lat' dir='ltr'>observare</span> <span class='ocrx_word' id='word_1_480' title='bbox 1852 1843 2056 1893; x_wconf 88' lang='lat' dir='ltr'>debeant,</span> <span class='ocrx_word' id='word_1_481' title='bbox 2077 1855 2346 1898; x_wconf 88' lang='lat' dir='ltr'>praeterquam</span> <span class='ocrx_word' id='word_1_482' title='bbox 2363 1843 2442 1886; x_wconf 83' lang='lat' dir='ltr'>cir.</span> 
     </span>
     <span class='ocr_line' id='line_1_82' title="bbox 1403 1901 2440 1959; baseline -0.002 -13"><span class='ocrx_word' id='word_1_483' title='bbox 1403 1917 1451 1946; x_wconf 81' lang='lat' dir='ltr'>ca</span> <span class='ocrx_word' id='word_1_484' title='bbox 1476 1902 1776 1946; x_wconf 88' lang='lat' dir='ltr'>observantiam</span> <span class='ocrx_word' id='word_1_485' title='bbox 1797 1901 2216 1959; x_wconf 86' lang='lat' dir='ltr'>quadragefimalem,</span> <span class='ocrx_word' id='word_1_486' title='bbox 2242 1902 2291 1944; x_wconf 90' lang='lat' dir='ltr'>ad</span> <span class='ocrx_word' id='word_1_487' title='bbox 2318 1915 2440 1954; x_wconf 89' lang='lat' dir='ltr'>quam</span> 
     </span>
     <span class='ocr_line' id='line_1_83' title="bbox 1405 1961 2441 2017; baseline -0.001 -13"><span class='ocrx_word' id='word_1_488' title='bbox 1405 1976 1485 2004; x_wconf 91' lang='lat' dir='ltr'>non</span> <span class='ocrx_word' id='word_1_489' title='bbox 1513 1970 1740 2013; x_wconf 88' lang='lat' dir='ltr'>tenentur,</span> <span class='ocrx_word' id='word_1_490' title='bbox 1768 1962 1836 2003; x_wconf 79' lang='lat' dir='ltr'>nisi</span> <span class='ocrx_word' id='word_1_491' title='bbox 1864 1961 1975 2017; x_wconf 79' lang='lat' dir='ltr'>juxta</span> <span class='ocrx_word' id='word_1_492' title='bbox 2005 1975 2264 2004; x_wconf 88' lang='lat' dir='ltr'>communem</span> <span class='ocrx_word' id='word_1_493' title='bbox 2295 1961 2441 2003; x_wconf 87' lang='lat' dir='ltr'>Ritum</span> 
     </span>
     <span class='ocr_line' id='line_1_84' title="bbox 1404 2020 2441 2075; baseline -0.003 -11"><span class='ocrx_word' id='word_1_494' title='bbox 1404 2025 1445 2064; x_wconf 83' lang='lat' dir='ltr'>S.</span> <span class='ocrx_word' id='word_1_495' title='bbox 1466 2021 1657 2062; x_wconf 80' lang='lat' dir='ltr'>Romanae</span> <span class='ocrx_word' id='word_1_496' title='bbox 1673 2020 1860 2063; x_wconf 83' lang='lat' dir='ltr'>Ecclefiae</span> <span class='ocrx_word' id='word_1_497' title='bbox 1876 2049 1890 2071; x_wconf 89' lang='lat'>,</span> <span class='ocrx_word' id='word_1_498' title='bbox 1917 2022 1955 2062; x_wconf 81' lang='grc' dir='ltr'>δι</span> <span class='ocrx_word' id='word_1_499' title='bbox 1970 2023 1993 2064; x_wconf 73' lang='lat' dir='ltr'>a</span> <span class='ocrx_word' id='word_1_500' title='bbox 2012 2020 2124 2062; x_wconf 78' lang='lat' dir='ltr'>Festo</span> <span class='ocrx_word' id='word_1_501' title='bbox 2137 2021 2322 2075; x_wconf 89' lang='lat' dir='ltr'>omnium</span> <span class='ocrx_word' id='word_1_502' title='bbox 2339 2025 2441 2063; x_wconf 88' lang='lat' dir='ltr'>San-</span> 
     </span>
     <span class='ocr_line' id='line_1_85' title="bbox 1402 2078 2441 2134; baseline -0.001 -13"><span class='ocrx_word' id='word_1_503' title='bbox 1402 2083 1559 2121; x_wconf 74' lang='lat' dir='ltr'>‹storum</span> <span class='ocrx_word' id='word_1_504' title='bbox 1589 2078 1709 2134; x_wconf 86' lang='lat' dir='ltr'>usque</span> <span class='ocrx_word' id='word_1_505' title='bbox 1736 2079 1786 2121; x_wconf 93' lang='lat' dir='ltr'>ad</span> <span class='ocrx_word' id='word_1_506' title='bbox 1812 2080 2085 2123; x_wconf 84' lang='lat' dir='ltr'>Nativitatem</span> <span class='ocrx_word' id='word_1_507' title='bbox 2116 2079 2311 2126; x_wconf 76' lang='lat' dir='ltr'>Domini,</span> <span class='ocrx_word' id='word_1_508' title='bbox 2339 2078 2441 2121; x_wconf 86' lang='lat' dir='ltr'>reli-</span> 
     </span>
     <span class='ocr_line' id='line_1_86' title="bbox 1402 2137 2437 2196; baseline 0 -16"><span class='ocrx_word' id='word_1_509' title='bbox 1402 2153 1483 2196; x_wconf 91' lang='lat' dir='ltr'>quo</span> <span class='ocrx_word' id='word_1_510' title='bbox 1499 2137 1601 2179; x_wconf 79' lang='lat' dir='ltr'>vero</span> <span class='ocrx_word' id='word_1_511' title='bbox 1627 2148 1814 2193; x_wconf 88' lang='lat' dir='ltr'>tempore</span> <span class='ocrx_word' id='word_1_512' title='bbox 1840 2154 1918 2181; x_wconf 91' lang='lat' dir='ltr'>non</span> <span class='ocrx_word' id='word_1_513' title='bbox 1944 2139 2149 2192; x_wconf 88' lang='lat' dir='ltr'>prohibito</span> <span class='ocrx_word' id='word_1_514' title='bbox 2168 2138 2273 2180; x_wconf 83' lang='lat' dir='ltr'>vesci</span> <span class='ocrx_word' id='word_1_515' title='bbox 2291 2137 2437 2193; x_wconf 82' lang='lat' dir='ltr'>poffint</span> 
     </span>
     <span class='ocr_line' id='line_1_87' title="bbox 1399 2195 2437 2240; baseline 0.001 -1"><span class='ocrx_word' id='word_1_516' title='bbox 1399 2198 1501 2239; x_wconf 87' lang='lat' dir='ltr'>cibis</span> <span class='ocrx_word' id='word_1_517' title='bbox 1532 2195 1817 2240; x_wconf 78' lang='lat' dir='ltr'>paschalibus:</span> <span class='ocrx_word' id='word_1_518' title='bbox 1849 2211 2064 2240; x_wconf 89' lang='lat' dir='ltr'>numerum</span> <span class='ocrx_word' id='word_1_519' title='bbox 2095 2197 2333 2239; x_wconf 86' lang='lat' dir='ltr'>Monialium</span> <span class='ocrx_word' id='word_1_520' title='bbox 2362 2197 2437 2240; x_wconf 78' lang='lat' dir='ltr'>in..-</span> 
     </span>
     <span class='ocr_line' id='line_1_88' title="bbox 1400 2254 2435 2312; baseline 0.001 -15"><span class='ocrx_word' id='word_1_521' title='bbox 1400 2258 1532 2312; x_wconf 88' lang='lat' dir='ltr'>primo</span> <span class='ocrx_word' id='word_1_522' title='bbox 1570 2254 1741 2309; x_wconf 77' lang='lat' dir='ltr'>ingressu</span> <span class='ocrx_word' id='word_1_523' title='bbox 1772 2257 1888 2299; x_wconf 90' lang='lat' dir='ltr'>illum</span> <span class='ocrx_word' id='word_1_524' title='bbox 1925 2257 2085 2299; x_wconf 77' lang='lat' dir='ltr'>tantum</span> <span class='ocrx_word' id='word_1_525' title='bbox 2123 2256 2356 2307; x_wconf 86' lang='lat' dir='ltr'>custodias,</span> <span class='ocrx_word' id='word_1_526' title='bbox 2387 2269 2435 2298; x_wconf 84' lang='lat' dir='ltr'>ac</span> 
     </span>
     <span class='ocr_line' id='line_1_89' title="bbox 1399 2313 2436 2371; baseline 0 -15"><span class='ocrx_word' id='word_1_527' title='bbox 1399 2316 1438 2357; x_wconf 91' lang='lat' dir='ltr'>in</span> <span class='ocrx_word' id='word_1_528' title='bbox 1461 2314 1663 2370; x_wconf 88' lang='lat' dir='ltr'>posterum</span> <span class='ocrx_word' id='word_1_529' title='bbox 1682 2315 1874 2357; x_wconf 80' lang='lat' dir='ltr'>custodiri</span> <span class='ocrx_word' id='word_1_530' title='bbox 1900 2314 2066 2358; x_wconf 91' lang='lat' dir='ltr'>mandes</span> <span class='ocrx_word' id='word_1_531' title='bbox 2083 2342 2097 2365; x_wconf 90' lang='lat'>,</span> <span class='ocrx_word' id='word_1_532' title='bbox 2121 2318 2231 2371; x_wconf 89' lang='lat' dir='ltr'>quod</span> <span class='ocrx_word' id='word_1_533' title='bbox 2260 2328 2311 2356; x_wconf 87' lang='lat' dir='ltr'>ex</span> <span class='ocrx_word' id='word_1_534' title='bbox 2339 2313 2436 2356; x_wconf 87' lang='lat' dir='ltr'>red·</span> 
     </span>
     <span class='ocr_line' id='line_1_90' title="bbox 1396 2373 2435 2429; baseline -0.002 -13"><span class='ocrx_word' id='word_1_535' title='bbox 1396 2374 1552 2416; x_wconf 89' lang='lat' dir='ltr'>ditibus</span> <span class='ocrx_word' id='word_1_536' title='bbox 1576 2373 1751 2429; x_wconf 89' lang='lat' dir='ltr'>propriis</span> <span class='ocrx_word' id='word_1_537' title='bbox 1777 2373 2011 2416; x_wconf 85' lang='lat' dir='ltr'>Monasterii</span> <span class='ocrx_word' id='word_1_538' title='bbox 2032 2402 2048 2425; x_wconf 88' lang='lat'>,</span> <span class='ocrx_word' id='word_1_539' title='bbox 2077 2374 2117 2413; x_wconf 91' lang='lat'>&amp;</span> <span class='ocrx_word' id='word_1_540' title='bbox 2144 2386 2196 2415; x_wconf 84' lang='lat' dir='ltr'>ex</span> <span class='ocrx_word' id='word_1_541' title='bbox 2223 2373 2313 2415; x_wconf 90' lang='lat' dir='ltr'>aliis</span> <span class='ocrx_word' id='word_1_542' title='bbox 2339 2386 2435 2429; x_wconf 87' lang='lat' dir='ltr'>pro-</span> 
     </span>
     <span class='ocr_line' id='line_1_91' title="bbox 1396 2431 2428 2488; baseline -0.001 -13"><span class='ocrx_word' id='word_1_543' title='bbox 1396 2432 1613 2482; x_wconf 86' lang='lat' dir='ltr'>ventibus,</span> <span class='ocrx_word' id='word_1_544' title='bbox 1638 2446 1683 2474; x_wconf 89' lang='lat' dir='ltr'>ac</span> <span class='ocrx_word' id='word_1_545' title='bbox 1709 2433 1827 2474; x_wconf 90' lang='lat' dir='ltr'>bonis</span> <span class='ocrx_word' id='word_1_546' title='bbox 1855 2432 2039 2475; x_wconf 82' lang='lat' dir='ltr'>emendis</span> <span class='ocrx_word' id='word_1_547' title='bbox 2057 2459 2071 2482; x_wconf 85' lang='lat'>,</span> <span class='ocrx_word' id='word_1_548' title='bbox 2104 2433 2143 2472; x_wconf 91' lang='lat'>&amp;</span> <span class='ocrx_word' id='word_1_549' title='bbox 2167 2431 2428 2488; x_wconf 87' lang='lat' dir='ltr'>acquirendis</span> 
     </span>
     <span class='ocr_line' id='line_1_92' title="bbox 1395 2489 2428 2535; baseline -0.002 -1"><span class='ocrx_word' id='word_1_550' title='bbox 1395 2507 1445 2535; x_wconf 82' lang='lat' dir='ltr'>ex</span> <span class='ocrx_word' id='word_1_551' title='bbox 1481 2492 1656 2534; x_wconf 87' lang='lat' dir='ltr'>Dotibus</span> <span class='ocrx_word' id='word_1_552' title='bbox 1692 2492 1937 2534; x_wconf 78' lang='lat' dir='ltr'>Monialium</span> <span class='ocrx_word' id='word_1_553' title='bbox 1974 2490 2187 2533; x_wconf 75' lang='lat' dir='ltr'>commode</span> <span class='ocrx_word' id='word_1_554' title='bbox 2208 2489 2428 2532; x_wconf 79' lang='lat' dir='ltr'>‘sustentari</span> 
     </span>
     <span class='ocr_line' id='line_1_93' title="bbox 1395 2549 2434 2608; baseline -0.002 -16"><span class='ocrx_word' id='word_1_555' title='bbox 1395 2549 1569 2608; x_wconf 78' lang='lat' dir='ltr'>poffint3</span> <span class='ocrx_word' id='word_1_556' title='bbox 1600 2561 1722 2605; x_wconf 90' lang='lat' dir='ltr'>atque</span> <span class='ocrx_word' id='word_1_557' title='bbox 1746 2551 1787 2592; x_wconf 87' lang='lat' dir='ltr'>in</span> <span class='ocrx_word' id='word_1_558' title='bbox 1819 2551 1900 2607; x_wconf 92' lang='lat' dir='ltr'>ipso</span> <span class='ocrx_word' id='word_1_559' title='bbox 1933 2550 2179 2592; x_wconf 86' lang='lat' dir='ltr'>Monasterio</span> <span class='ocrx_word' id='word_1_560' title='bbox 2204 2549 2352 2592; x_wconf 84' lang='lat' dir='ltr'>Puellae</span> <span class='ocrx_word' id='word_1_561' title='bbox 2388 2551 2434 2591; x_wconf 57' lang='lat' dir='ltr'>in&lt;</span> 
     </span>
     <span class='ocr_line' id='line_1_94' title="bbox 1395 2607 2433 2665; baseline -0.002 -12"><span class='ocrx_word' id='word_1_562' title='bbox 1395 2610 1683 2653; x_wconf 88' lang='lat' dir='ltr'>educationem</span> <span class='ocrx_word' id='word_1_563' title='bbox 1707 2609 1834 2665; x_wconf 86' lang='lat' dir='ltr'>recipi</span> <span class='ocrx_word' id='word_1_564' title='bbox 1863 2620 2055 2665; x_wconf 85' lang='lat' dir='ltr'>poterunt</span> <span class='ocrx_word' id='word_1_565' title='bbox 2083 2607 2205 2664; x_wconf 89' lang='lat' dir='ltr'>usque</span> <span class='ocrx_word' id='word_1_566' title='bbox 2226 2607 2275 2651; x_wconf 93' lang='lat' dir='ltr'>ad</span> <span class='ocrx_word' id='word_1_567' title='bbox 2291 2621 2433 2651; x_wconf 89' lang='lat' dir='ltr'>nume-</span> 
     </span>
     <span class='ocr_line' id='line_1_95' title="bbox 1396 2667 2429 2725; baseline -0.004 -13"><span class='ocrx_word' id='word_1_568' title='bbox 1396 2683 1486 2712; x_wconf 88' lang='lat' dir='ltr'>rum</span> <span class='ocrx_word' id='word_1_569' title='bbox 1502 2697 1516 2720; x_wconf 84' lang='lat'>,</span> <span class='ocrx_word' id='word_1_570' title='bbox 1542 2668 1654 2725; x_wconf 88' lang='lat' dir='ltr'>cujus</span> <span class='ocrx_word' id='word_1_571' title='bbox 1679 2669 1828 2725; x_wconf 90' lang='lat' dir='ltr'>absque</span> <span class='ocrx_word' id='word_1_572' title='bbox 1852 2669 2092 2711; x_wconf 86' lang='lat' dir='ltr'>Monialium</span> <span class='ocrx_word' id='word_1_573' title='bbox 2131 2667 2391 2710; x_wconf 89' lang='lat' dir='ltr'>incommodo</span> <span class='ocrx_word' id='word_1_574' title='bbox 2413 2693 2429 2716; x_wconf 84' lang='lat'>‚</span> 
     </span>
     <span class='ocr_line' id='line_1_96' title="bbox 1395 2723 2433 2783; baseline -0.001 -13"><span class='ocrx_word' id='word_1_575' title='bbox 1395 2727 1684 2771; x_wconf 86' lang='lat' dir='ltr'>Monasterium</span> <span class='ocrx_word' id='word_1_576' title='bbox 1708 2743 1832 2783; x_wconf 86' lang='lat' dir='ltr'>capax</span> <span class='ocrx_word' id='word_1_577' title='bbox 1855 2727 1936 2770; x_wconf 89' lang='lat' dir='ltr'>erit</span> <span class='ocrx_word' id='word_1_578' title='bbox 1952 2758 1966 2780; x_wconf 83' lang='lat'>,</span> <span class='ocrx_word' id='word_1_579' title='bbox 1993 2728 2016 2769; x_wconf 87' lang='lat' dir='ltr'>fi</span> <span class='ocrx_word' id='word_1_580' title='bbox 2037 2739 2173 2769; x_wconf 85' lang='lat' dir='ltr'>tamen</span> <span class='ocrx_word' id='word_1_581' title='bbox 2200 2727 2238 2769; x_wconf 92' lang='lat' dir='ltr'>in</span> <span class='ocrx_word' id='word_1_582' title='bbox 2262 2740 2314 2768; x_wconf 86' lang='lat' dir='ltr'>eo</span> <span class='ocrx_word' id='word_1_583' title='bbox 2339 2723 2433 2769; x_wconf 86' lang='lat' dir='ltr'>fue-</span> 
     </span>
     <span class='ocr_line' id='line_1_97' title="bbox 1394 2783 2430 2842; baseline -0.002 -13"><span class='ocrx_word' id='word_1_584' title='bbox 1394 2787 1447 2829; x_wconf 86' lang='lat' dir='ltr'>rit</span> <span class='ocrx_word' id='word_1_585' title='bbox 1470 2800 1544 2841; x_wconf 86' lang='lat' dir='ltr'>pro</span> <span class='ocrx_word' id='word_1_586' title='bbox 1568 2787 1627 2828; x_wconf 91' lang='lat' dir='ltr'>his</span> <span class='ocrx_word' id='word_1_587' title='bbox 1651 2787 1803 2830; x_wconf 87' lang='lat' dir='ltr'>Puellis</span> <span class='ocrx_word' id='word_1_588' title='bbox 1829 2787 1944 2830; x_wconf 88' lang='lat' dir='ltr'>locus</span> <span class='ocrx_word' id='word_1_589' title='bbox 1969 2787 2173 2842; x_wconf 87' lang='lat' dir='ltr'>separatus</span> <span class='ocrx_word' id='word_1_590' title='bbox 2189 2815 2204 2836; x_wconf 93' lang='lat'>,</span> <span class='ocrx_word' id='word_1_591' title='bbox 2232 2787 2269 2827; x_wconf 87' lang='lat'>&amp;</span> <span class='ocrx_word' id='word_1_592' title='bbox 2293 2785 2345 2828; x_wconf 88' lang='lat' dir='ltr'>ab</span> <span class='ocrx_word' id='word_1_593' title='bbox 2364 2783 2430 2827; x_wconf 61' lang='lat' dir='ltr'>iifl</span> 
     </span>
     <span class='ocr_line' id='line_1_98' title="bbox 1392 2844 2428 2901; baseline -0.001 -14"><span class='ocrx_word' id='word_1_594' title='bbox 1392 2846 1487 2887; x_wconf 89' lang='lat' dir='ltr'>dem</span> <span class='ocrx_word' id='word_1_595' title='bbox 1521 2845 1712 2888; x_wconf 89' lang='lat' dir='ltr'>alimenta</span> <span class='ocrx_word' id='word_1_596' title='bbox 1740 2846 1975 2901; x_wconf 85' lang='lat' dir='ltr'>praestentur</span> <span class='ocrx_word' id='word_1_597' title='bbox 1998 2860 2048 2888; x_wconf 87' lang='lat' dir='ltr'>ex</span> <span class='ocrx_word' id='word_1_598' title='bbox 2076 2860 2123 2888; x_wconf 86' lang='lat' dir='ltr'>ea</span> <span class='ocrx_word' id='word_1_599' title='bbox 2152 2844 2312 2888; x_wconf 87' lang='lat' dir='ltr'>ratione</span> <span class='ocrx_word' id='word_1_600' title='bbox 2334 2873 2348 2895; x_wconf 90' lang='lat'>,</span> <span class='ocrx_word' id='word_1_601' title='bbox 2378 2853 2428 2887; x_wconf 89' lang='lat' dir='ltr'>ut</span> 
     </span>
     <span class='ocr_line' id='line_1_99' title="bbox 1394 2902 2426 2961; baseline -0.001 -16"><span class='ocrx_word' id='word_1_602' title='bbox 1394 2902 1536 2960; x_wconf 86' lang='lat' dir='ltr'>poffint</span> <span class='ocrx_word' id='word_1_603' title='bbox 1558 2905 1723 2947; x_wconf 90' lang='lat' dir='ltr'>educari</span> <span class='ocrx_word' id='word_1_604' title='bbox 1753 2905 1833 2947; x_wconf 82' lang='lat' dir='ltr'>fine</span> <span class='ocrx_word' id='word_1_605' title='bbox 1861 2905 1996 2961; x_wconf 83' lang='lat' dir='ltr'>aliquo</span> <span class='ocrx_word' id='word_1_606' title='bbox 2022 2905 2148 2947; x_wconf 89' lang='lat' dir='ltr'>etiam</span> <span class='ocrx_word' id='word_1_607' title='bbox 2176 2916 2302 2958; x_wconf 85' lang='lat' dir='ltr'>parvo</span> <span class='ocrx_word' id='word_1_608' title='bbox 2330 2905 2426 2945; x_wconf 86' lang='lat' dir='ltr'>Mo-</span> 
     </span>
     <span class='ocr_line' id='line_1_100' title="bbox 1394 2960 2422 3018; baseline -0.004 -12"><span class='ocrx_word' id='word_1_609' title='bbox 1394 2962 1554 3006; x_wconf 87' lang='lat' dir='ltr'>nasterii</span> <span class='ocrx_word' id='word_1_610' title='bbox 1590 2963 1762 3008; x_wconf 86' lang='lat' dir='ltr'>damno.</span> <span class='ocrx_word' id='word_1_611' title='bbox 1807 2962 1938 3018; x_wconf 87' lang='lat' dir='ltr'>Ipsum</span> <span class='ocrx_word' id='word_1_612' title='bbox 1966 2973 2104 3004; x_wconf 85' lang='lat' dir='ltr'>autem</span> <span class='ocrx_word' id='word_1_613' title='bbox 2130 2960 2422 3004; x_wconf 82' lang='lat' dir='ltr'>Monasterium</span> 
     </span>
     <span class='ocr_line' id='line_1_101' title="bbox 1394 3018 2424 3078; baseline 0 -14"><span class='ocrx_word' id='word_1_614' title='bbox 1394 3023 1518 3073; x_wconf 84' lang='lat' dir='ltr'>Tuae,</span> <span class='ocrx_word' id='word_1_615' title='bbox 1544 3023 1581 3062; x_wconf 91' lang='lat'>&amp;</span> <span class='ocrx_word' id='word_1_616' title='bbox 1607 3037 1680 3076; x_wconf 92' lang='lat' dir='ltr'>pro</span> <span class='ocrx_word' id='word_1_617' title='bbox 1705 3035 1895 3078; x_wconf 87' lang='lat' dir='ltr'>ternpore</span> <span class='ocrx_word' id='word_1_618' title='bbox 1920 3021 2122 3063; x_wconf 88' lang='lat' dir='ltr'>existentis</span> <span class='ocrx_word' id='word_1_619' title='bbox 2137 3018 2424 3075; x_wconf 58' lang='lat' dir='ltr'>Archiepiscor</span> 
     </span>
    </p>
   </div>
   <div class='ocr_carea' id='block_1_15' title="bbox 1390 3078 2506 3143">
    <p class='ocr_par' dir='ltr' id='par_1_17' title="bbox 1390 3078 2506 3143">
     <span class='ocr_line' id='line_1_102' title="bbox 1390 3078 2506 3143; baseline 0 -22"><span class='ocrx_word' id='word_1_620' title='bbox 1390 3081 1430 3136; x_wconf 91' lang='lat' dir='ltr'>pi</span> <span class='ocrx_word' id='word_1_621' title='bbox 1447 3079 1657 3123; x_wconf 88' lang='lat' dir='ltr'>Cosentini</span> <span class='ocrx_word' id='word_1_622' title='bbox 1685 3081 1785 3124; x_wconf 90' lang='lat' dir='ltr'>Loci</span> <span class='ocrx_word' id='word_1_623' title='bbox 1811 3079 2017 3122; x_wconf 83' lang='lat' dir='ltr'>Ordinarii</span> <span class='ocrx_word' id='word_1_624' title='bbox 2044 3093 2177 3130; x_wconf 87' lang='lat' dir='ltr'>curae,</span> <span class='ocrx_word' id='word_1_625' title='bbox 2203 3078 2439 3132; x_wconf 82' lang='lat' dir='ltr'>gubernio,-</span> <span class='ocrx_word' id='word_1_626' title='bbox 2500 3139 2506 3143; x_wconf 32' lang='grc' dir='ltr'>Ι</span> 
     </span>
    </p>
   </div>
   <div class='ocr_carea' id='block_1_16' title="bbox 1382 3135 2421 3664">
    <p class='ocr_par' dir='ltr' id='par_1_18' title="bbox 1382 3135 2421 3664">
     <span class='ocr_line' id='line_1_103' title="bbox 1388 3135 2421 3195; baseline 0.001 -14"><span class='ocrx_word' id='word_1_627' title='bbox 1388 3142 1427 3181; x_wconf 89' lang='lat'>&amp;</span> <span class='ocrx_word' id='word_1_628' title='bbox 1455 3136 1717 3195; x_wconf 66' lang='lat' dir='ltr'>jurisdictioni</span> <span class='ocrx_word' id='word_1_629' title='bbox 1743 3139 1782 3180; x_wconf 92' lang='lat' dir='ltr'>in</span> <span class='ocrx_word' id='word_1_630' title='bbox 1811 3139 1998 3181; x_wconf 89' lang='lat' dir='ltr'>omnibus</span> <span class='ocrx_word' id='word_1_631' title='bbox 2028 3137 2269 3193; x_wconf 85' lang='lat' dir='ltr'>suppofitum</span> <span class='ocrx_word' id='word_1_632' title='bbox 2301 3135 2421 3183; x_wconf 60' lang='lat' dir='ltr'>elle,</span> 
     </span>
     <span class='ocr_line' id='line_1_104' title="bbox 1388 3197 2418 3253; baseline 0 -13"><span class='ocrx_word' id='word_1_633' title='bbox 1388 3198 1573 3240; x_wconf 90' lang='lat' dir='ltr'>volumus</span> <span class='ocrx_word' id='word_1_634' title='bbox 1592 3225 1606 3247; x_wconf 92' lang='lat'>,</span> <span class='ocrx_word' id='word_1_635' title='bbox 1637 3213 1682 3240; x_wconf 90' lang='lat' dir='ltr'>ac</span> <span class='ocrx_word' id='word_1_636' title='bbox 1704 3199 1727 3242; x_wconf 74' lang='grc' dir='ltr'>ὲ</span> <span class='ocrx_word' id='word_1_637' title='bbox 1756 3198 1818 3239; x_wconf 89' lang='lat' dir='ltr'>Te</span> <span class='ocrx_word' id='word_1_638' title='bbox 1846 3197 2121 3253; x_wconf 87' lang='lat' dir='ltr'>Capellanum</span> <span class='ocrx_word' id='word_1_639' title='bbox 2146 3197 2364 3252; x_wconf 87' lang='lat' dir='ltr'>deputari,</span> <span class='ocrx_word' id='word_1_640' title='bbox 2392 3197 2418 3240; x_wconf 73' lang='grc' dir='ltr'>ὲ</span> 
     </span>
     <span class='ocr_line' id='line_1_105' title="bbox 1389 3257 2416 3311; baseline -0.001 -11"><span class='ocrx_word' id='word_1_641' title='bbox 1389 3259 1478 3302; x_wconf 89' lang='lat' dir='ltr'>Tua</span> <span class='ocrx_word' id='word_1_642' title='bbox 1505 3257 1825 3311; x_wconf 78' lang='lat' dir='ltr'>approbatione,</span> <span class='ocrx_word' id='word_1_643' title='bbox 1852 3270 1898 3298; x_wconf 86' lang='lat' dir='ltr'>ac</span> <span class='ocrx_word' id='word_1_644' title='bbox 1924 3258 1992 3298; x_wconf 86' lang='lat' dir='ltr'>sub</span> <span class='ocrx_word' id='word_1_645' title='bbox 2021 3259 2108 3298; x_wconf 86' lang='lat' dir='ltr'>Tua</span> <span class='ocrx_word' id='word_1_646' title='bbox 2133 3257 2416 3299; x_wconf 54' lang='lat' dir='ltr'>auctoritate)</span> 
     </span>
     <span class='ocr_line' id='line_1_106' title="bbox 1383 3311 2417 3372; baseline -0.004 -15"><span class='ocrx_word' id='word_1_647' title='bbox 1383 3316 1423 3357; x_wconf 90' lang='lat' dir='ltr'>in</span> <span class='ocrx_word' id='word_1_648' title='bbox 1455 3316 1647 3358; x_wconf 89' lang='lat' dir='ltr'>omnibus</span> <span class='ocrx_word' id='word_1_649' title='bbox 1678 3315 1983 3372; x_wconf 88' lang='lat' dir='ltr'>dependentem</span> <span class='ocrx_word' id='word_1_650' title='bbox 2012 3345 2023 3355; x_wconf 91' lang='lat'><strong><em>.</em></strong></span> <span class='ocrx_word' id='word_1_651' title='bbox 2057 3318 2283 3370; x_wconf 85' lang='lat' dir='ltr'>Propterea</span> <span class='ocrx_word' id='word_1_652' title='bbox 2318 3311 2417 3363; x_wconf 50' lang='lat' dir='ltr'>Tibi,</span> 
     </span>
     <span class='ocr_line' id='line_1_107' title="bbox 1382 3370 2413 3427; baseline -0.003 -10"><span class='ocrx_word' id='word_1_653' title='bbox 1382 3389 1433 3417; x_wconf 89' lang='lat' dir='ltr'>ex</span> <span class='ocrx_word' id='word_1_654' title='bbox 1462 3375 1703 3418; x_wconf 83' lang='lat' dir='ltr'>Monasterio</span> <span class='ocrx_word' id='word_1_655' title='bbox 1729 3377 1878 3418; x_wconf 66' lang='lat' dir='ltr'>Sant‘tae</span> <span class='ocrx_word' id='word_1_656' title='bbox 1908 3375 2067 3422; x_wconf 81' lang='lat' dir='ltr'>Clarae,</span> <span class='ocrx_word' id='word_1_657' title='bbox 2100 3373 2163 3417; x_wconf 91' lang='lat' dir='ltr'>seu</span> <span class='ocrx_word' id='word_1_658' title='bbox 2187 3370 2413 3427; x_wconf 73' lang='lat' dir='ltr'>Capucina-</span> 
     </span>
     <span class='ocr_line' id='line_1_108' title="bbox 1382 3430 2412 3492; baseline -0.005 -16"><span class='ocrx_word' id='word_1_659' title='bbox 1382 3447 1472 3492; x_wconf 75' lang='lat' dir='ltr'>rpm</span> <span class='ocrx_word' id='word_1_660' title='bbox 1501 3434 1692 3476; x_wconf 87' lang='lat' dir='ltr'>Civitatis</span> <span class='ocrx_word' id='word_1_661' title='bbox 1729 3435 1961 3476; x_wconf 85' lang='lat' dir='ltr'>Cosentinae</span> <span class='ocrx_word' id='word_1_662' title='bbox 1993 3445 2112 3475; x_wconf 89' lang='lat' dir='ltr'>unam</span> <span class='ocrx_word' id='word_1_663' title='bbox 2150 3430 2412 3473; x_wconf 53' lang='lat' dir='ltr'>Monialem„</span> 
     </span>
     <span class='ocr_line' id='line_1_109' title="bbox 1383 3489 2411 3544; baseline -0.007 -9"><span class='ocrx_word' id='word_1_664' title='bbox 1383 3492 1432 3535; x_wconf 91' lang='lat' dir='ltr'>ad</span> <span class='ocrx_word' id='word_1_665' title='bbox 1463 3492 1502 3533; x_wconf 93' lang='lat' dir='ltr'>id</span> <span class='ocrx_word' id='word_1_666' title='bbox 1528 3493 1796 3537; x_wconf 88' lang='lat' dir='ltr'>voluntariam</span> <span class='ocrx_word' id='word_1_667' title='bbox 1820 3492 2050 3542; x_wconf 89' lang='lat' dir='ltr'>educendi,</span> <span class='ocrx_word' id='word_1_668' title='bbox 2081 3503 2254 3544; x_wconf 87' lang='lat' dir='ltr'>eamque</span> <span class='ocrx_word' id='word_1_669' title='bbox 2281 3489 2320 3529; x_wconf 87' lang='lat' dir='ltr'>in</span> <span class='ocrx_word' id='word_1_670' title='bbox 2346 3489 2411 3529; x_wconf 89' lang='lat' dir='ltr'>di-</span> 
     </span>
     <span class='ocr_line' id='line_1_110' title="bbox 1382 3547 2411 3597; baseline -0.006 -3"><span class='ocrx_word' id='word_1_671' title='bbox 1382 3553 1449 3594; x_wconf 65' lang='lat' dir='ltr'>eto</span> <span class='ocrx_word' id='word_1_672' title='bbox 1485 3565 1592 3592; x_wconf 92' lang='lat' dir='ltr'>novo</span> <span class='ocrx_word' id='word_1_673' title='bbox 1624 3552 1867 3597; x_wconf 80' lang='lat' dir='ltr'>Monasterio</span> <span class='ocrx_word' id='word_1_674' title='bbox 1893 3551 1968 3592; x_wconf 74' lang='lat' dir='ltr'>una</span> <span class='ocrx_word' id='word_1_675' title='bbox 2004 3562 2095 3591; x_wconf 91' lang='lat' dir='ltr'>cum</span> <span class='ocrx_word' id='word_1_676' title='bbox 2129 3547 2217 3590; x_wconf 86' lang='lat' dir='ltr'>aliis</span> <span class='ocrx_word' id='word_1_677' title='bbox 2243 3548 2411 3589; x_wconf 86' lang='lat' dir='ltr'>Monia-</span> 
     </span>
     <span class='ocr_line' id='line_1_111' title="bbox 1382 3605 2407 3664; baseline -0.006 -11"><span class='ocrx_word' id='word_1_678' title='bbox 1382 3611 1483 3654; x_wconf 89' lang='lat' dir='ltr'>libus</span> <span class='ocrx_word' id='word_1_679' title='bbox 1522 3623 1595 3664; x_wconf 88' lang='lat' dir='ltr'>pro</span> <span class='ocrx_word' id='word_1_680' title='bbox 1631 3610 1794 3658; x_wconf 85' lang='lat' dir='ltr'>illarum</span> <span class='ocrx_word' id='word_1_681' title='bbox 1830 3610 2087 3653; x_wconf 69' lang='lat' dir='ltr'>instrut‘tione</span> <span class='ocrx_word' id='word_1_682' title='bbox 2115 3605 2407 3648; x_wconf 85' lang='lat' dir='ltr'>introducendi</span> 
     </span>
    </p>
   </div>
   <div class='ocr_carea' id='block_1_17' title="bbox 1381 3664 2469 3721">
    <p class='ocr_par' dir='ltr' id='par_1_19' title="bbox 1381 3664 2469 3721">
     <span class='ocr_line' id='line_1_112' title="bbox 1381 3664 2469 3721; baseline -0.003 -10"><span class='ocrx_word' id='word_1_683' title='bbox 1381 3669 1614 3712; x_wconf 85' lang='lat' dir='ltr'>facultatem</span> <span class='ocrx_word' id='word_1_684' title='bbox 1642 3670 1903 3712; x_wconf 87' lang='lat' dir='ltr'>concedimus</span> <span class='ocrx_word' id='word_1_685' title='bbox 1927 3697 1940 3720; x_wconf 87' lang='lat'>,</span> <span class='ocrx_word' id='word_1_686' title='bbox 1976 3669 2015 3708; x_wconf 75' lang='grc' dir='ltr'>ἃ.</span> <span class='ocrx_word' id='word_1_687' title='bbox 2043 3664 2299 3721; x_wconf 87' lang='lat' dir='ltr'>indulgemus</span> <span class='ocrx_word' id='word_1_688' title='bbox 2317 3692 2332 3715; x_wconf 84' lang='lat'>,</span> <span class='ocrx_word' id='word_1_689' title='bbox 2364 3673 2409 3708; x_wconf 88' lang='lat' dir='ltr'>ut</span> <span class='ocrx_word' id='word_1_690' title='bbox 2467 3707 2469 3711; x_wconf 83' lang='grc'><strong>,</strong></span> 
     </span>
    </p>
   </div>
   <div class='ocr_carea' id='block_1_18' title="bbox 1380 3724 2407 3783">
    <p class='ocr_par' dir='ltr' id='par_1_20' title="bbox 1380 3724 2407 3783">
     <span class='ocr_line' id='line_1_113' title="bbox 1380 3724 2407 3783; baseline -0.006 -13"><span class='ocrx_word' id='word_1_691' title='bbox 1380 3729 1448 3770; x_wconf 88' lang='lat' dir='ltr'>sub</span> <span class='ocrx_word' id='word_1_692' title='bbox 1475 3730 1563 3769; x_wconf 80' lang='lat' dir='ltr'>&#39;rua</span> <span class='ocrx_word' id='word_1_693' title='bbox 1595 3727 1820 3783; x_wconf 90' lang='lat' dir='ltr'>hujusmodi</span> <span class='ocrx_word' id='word_1_694' title='bbox 1846 3726 2080 3771; x_wconf 84' lang='lat' dir='ltr'>obedientia</span> <span class='ocrx_word' id='word_1_695' title='bbox 2109 3724 2296 3768; x_wconf 87' lang='lat' dir='ltr'>viventes</span> <span class='ocrx_word' id='word_1_696' title='bbox 2317 3737 2407 3766; x_wconf 89' lang='lat' dir='ltr'>om-</span> 
     </span>
    </p>
   </div>
   <div class='ocr_carea' id='block_1_19' title="bbox 302 3770 2406 3845">
    <p class='ocr_par' dir='ltr' id='par_1_21' title="bbox 302 3770 2406 3845">
     <span class='ocr_line' id='line_1_114' title="bbox 302 3770 2406 3845; baseline 0.001 -23"><span class='ocrx_word' id='word_1_697' title='bbox 302 3770 447 3814; x_wconf 64' lang='lat' dir='ltr'>bilibUS</span> <span class='ocrx_word' id='word_1_698' title='bbox 462 3799 476 3823; x_wconf 73' lang='lat' dir='ltr'>a</span> <span class='ocrx_word' id='word_1_699' title='bbox 492 3773 719 3830; x_wconf 72' lang='lat' dir='ltr'>ceterisque</span> <span class='ocrx_word' id='word_1_700' title='bbox 735 3780 855 3822; x_wconf 88' lang='lat' dir='ltr'>rebus</span> <span class='ocrx_word' id='word_1_701' title='bbox 885 3784 1107 3830; x_wconf 73' lang='lat' dir='ltr'>necessariis</span> <span class='ocrx_word' id='word_1_702' title='bbox 1123 3785 1316 3831; x_wconf 82' lang='lat' dir='ltr'>sufficien.</span> <span class='ocrx_word' id='word_1_703' title='bbox 1377 3788 1493 3831; x_wconf 90' lang='lat' dir='ltr'>nibus</span> <span class='ocrx_word' id='word_1_704' title='bbox 1508 3815 1521 3839; x_wconf 80' lang='lat'>,</span> <span class='ocrx_word' id='word_1_705' title='bbox 1539 3789 1578 3829; x_wconf 77' lang='grc' dir='ltr'>δι</span> <span class='ocrx_word' id='word_1_706' title='bbox 1595 3787 1752 3843; x_wconf 82' lang='lat' dir='ltr'>singulis</span> <span class='ocrx_word' id='word_1_707' title='bbox 1778 3789 1915 3845; x_wconf 80' lang='lat' dir='ltr'>gratiis</span> <span class='ocrx_word' id='word_1_708' title='bbox 1930 3814 1943 3837; x_wconf 68' lang='lat' dir='ltr'>a</span> <span class='ocrx_word' id='word_1_709' title='bbox 1961 3785 2227 3840; x_wconf 81' lang='lat' dir='ltr'>indulgentiis</span> <span class='ocrx_word' id='word_1_710' title='bbox 2241 3813 2258 3835; x_wconf 88' lang='lat'>,</span> <span class='ocrx_word' id='word_1_711' title='bbox 2272 3781 2406 3824; x_wconf 88' lang='lat' dir='ltr'>indul·</span> 
     </span>
    </p>
   </div>
   <div class='ocr_carea' id='block_1_20' title="bbox 2262 3842 2343 3893">
    <p class='ocr_par' dir='ltr' id='par_1_22' title="bbox 2262 3842 2343 3893">
     <span class='ocr_line' id='line_1_115' title="bbox 2262 3842 2343 3893; baseline -0.037 -9"><span class='ocrx_word' id='word_1_712' title='bbox 2262 3842 2312 3884; x_wconf 85' lang='lat' dir='ltr'>tis</span> <span class='ocrx_word' id='word_1_713' title='bbox 2327 3870 2343 3893; x_wconf 87' lang='lat'>,</span> 
     </span>
    </p>
   </div>
  </div>
 </body>
</html>
