2618 4108
332 322 431 366 hanc
445 235 602 363 ,geram
617 308 1009 370 congregationcmfi
1015 310 1204 410 justHJficet
1217 341 1229 354 .
1253 311 1361 366 Quo·-

331 381 439 422 modo
456 383 591 432 itaque
601 375 650 432 st
669 385 729 414 res
748 370 891 412 habeat
907 397 921 421 ,
940 369 1073 425 predi
1115 383 1179 411 am
1201 373 1240 411 S.
1259 372 1361 411 Con-

323 440 593 493 grcgationem
620 427 806 488 informet
819 455 834 477 ‚
857 427 1159 489 transmittendo
1183 428 1360 469 notulam

330 493 617 552 Religiosorum
639 489 700 530 ita
721 485 957 544 egrefflrum
981 499 1068 529 cum
1089 485 1273 541 distima
1293 498 1360 527 ex-

320 552 505 609 prcfflone
530 555 749 602 temporum
775 558 909 587 eorum
933 544 1071 603 emiffae
1096 542 1330 601 Profifflonis
1343 573 1360 595 ‚

327 622 375 652 uc
399 604 612 662 Religionis
626 633 642 655 ‚
667 618 711 646 m
739 617 817 659 qua
838 602 999 662 profi-sti
1009 603 1139 662 sunt,
1163 615 1358 648 necno&

327 669 549 709 sententias
573 662 733 719 desuper
750 663 853 705 latas
866 691 880 714 ,
903 664 1021 704 cidem
1035 659 1201 704 ulterius
1222 661 1357 716 injun-

324 725 444 782 gendo
462 719 768 777 Eminentistimi
786 723 884 769 PP„
905 724 1006 763 utin
1019 719 1237 779 hujusmodi
1255 723 1355 761 Cau-

316 781 370 842 sts
391 808 406 830 a
434 779 613 838 servatis
627 779 837 839 firvandis
863 782 906 821 t‘n
923 778 1118 834 posterum
1140 777 1354 833 procedat,

327 839 494 897 illasque
510 840 717 881 dumtaxat
737 838 881 894 Causas
907 837 1105 880 nullitatt's
1128 835 1324 892 cognofiat
1338 861 1353 884 ‚

328 911 416 957 quae
437 901 550 940 intra
570 896 878 954 quinquennium
900 898 926 937 d
953 896 1011 936 die
1029 892 1264 951 Profefflonis
1290 896 1353 933 in-

325 954 518 1001 troduflae
530 953 695 1014 fuerint
709 983 723 1005 ‚
749 953 983 1011 conjunffim
997 966 1081 994 cum
1096 951 1353 1005 Superiore.»

327 1013 473 1064 locali,
501 1028 576 1056 non
592 1023 722 1057 autem
740 1012 882 1071 Causas
897 1009 1178 1069 Religiosorum
1200 1021 1351 1052 extero-

325 1088 445 1122 rum,
477 1072 525 1122 δ’
543 1072 629 1130 post
654 1071 802 1128 lapfhm
827 1073 1133 1127 quinquennium
1158 1067 1352 1126 absque-³

320 1132 476 1190 praevia
506 1131 750 1186 restitutione
770 1133 812 1170 in
834 1132 1031 1183 integrum
1057 1128 1108 1168 ab
1134 1126 1352 1182 Apostolica

327 1190 422 1233 Sede
437 1188 686 1244 impetranda
699 1217 711 1228 .
747 1190 863 1229 Tenet
884 1201 974 1242 crgo
991 1185 1154 1240 Amplit.
1180 1187 1258 1227 Tua
1275 1186 1350 1225 Sa-

327 1262 405 1292 crae
421 1246 737 1301 Congregationis
753 1249 994 1287 sententiam
1009 1273 1024 1296 ‚
1054 1244 1117 1284 cui
1133 1243 1175 1297 fi
1197 1243 1347 1299 confir·-

326 1317 404 1349 met
420 1305 498 1351 &a
524 1320 607 1354 Ξ,
631 1316 762 1358 neque
781 1303 940 1357 posthac
971 1303 1020 1346 ab
1046 1300 1225 1356 ejusdem
1250 1314 1348 1355 prae-

324 1361 445 1406 tensae
463 1360 667 1403 facultatis
685 1359 753 1402 usu
775 1359 992 1402 abstinuisse
1007 1359 1216 1416 praesatum
1230 1359 1349 1401 Anti-

329 1423 459 1465 stitem
474 1448 488 1470 ‚
511 1416 600 1461 satis
616 1417 871 1472 exploratum
887 1417 1074 1460 redditur
1087 1430 1136 1459 ex
1158 1418 1347 1459 enuncia.

325 1490 367 1524 ta
382 1477 464 1533 ejus
484 1475 659 1532 Epistola
680 1504 690 1515 .
713 1478 766 1517 Et
785 1476 865 1516 haec
884 1488 930 1517 ea
950 1475 1064 1528 sunt,
1086 1489 1170 1530 quae
1183 1476 1346 1531 propius

324 1537 635 1580 contentionem
659 1533 890 1579 Catanenfis
907 1534 1092 1591 Episcopi
1116 1533 1349 1591 speeiem-a

326 1596 538 1639 videntur.

383 1654 592 1712 Qoniam
607 1651 705 1693 vero
726 1650 864 1707 plures
878 1678 893 1700 ‚
917 1651 979 1695 uti
996 1652 1107 1706 supra
1125 1650 1347 1697 indicatum

325 1712 408 1764 est,
436 1712 503 1754 sub
531 1711 680 1766 clypeo
705 1709 976 1766 praedictarum
1005 1711 1348 1756 Sententiarum-2

323 1769 630 1826 comperiuntur
648 1768 842 1823 Regulari
859 1769 1014 1811 Habitu
1031 1767 1110 1823 jam
1131 1771 1273 1822 exuti,
1297 1785 1343 1812 ac

323 1843 465 1874 eorum
480 1825 661 1869 nonnulli
689 1827 885 1881 postulant
902 1827 970 1870 libi
993 1826 1080 1870 fieri
1102 1829 1344 1883 potestatem

322 1885 555 1932 celebrandi
570 1883 722 1929 Missam
737 1914 752 1937 ‚
774 1884 827 1927 de
849 1887 909 1928 his
936 1886 1088 1941 pariter
1106 1886 1343 1930 deliberare

321 1956 515 2003 oportet,
540 1959 627 2000 quae
652 1943 866 1987 methodus
883 1974 897 1996 ‚
920 1944 1000 1987 five
1015 1945 1121 1987 ratio
1146 1946 1341 1990 servanda

321 2005 370 2048 fit
385 2014 466 2047 tam
493 2002 607 2059 super
632 2002 798 2058 ipsorum
817 2003 951 2046 reditu
974 2003 1023 2047 ad
1039 2004 1221 2048 Claustra
1235 2033 1250 2056 ‚
1275 2005 1341 2047 ubi

321 2075 533 2120 perperam
553 2062 601 2104 ab
621 2061 665 2102 iis
681 2060 819 2102 dimiffi
837 2061 1076 2118 judicentur
1088 2090 1102 2114 ‚
1127 2067 1246 2120 quam
1261 2068 1338 2106 cir-

321 2135 368 2166 ca
386 2120 623 2165 ulteriorem
647 2118 837 2175 ejusmodi
862 2119 1071 2163 causarum
1093 2122 1342 2177 prosecutio-

321 2192 446 2230 nem,
472 2178 631 2235 quoties
651 2178 718 2219 ista
734 2178 798 2220 vel
821 2180 844 2223 a
859 2179 1105 2236 Religione,
1133 2182 1197 2224 vel
1216 2180 1342 2223 abiis-

320 2236 415 2281 dem
432 2251 481 2279 ex
507 2236 575 2279 illa
590 2235 746 2294 egreffis
763 2249 978 2292 urgeatur.
1011 2239 1244 2296 Itidemque
1270 2240 1342 2283 de-

321 2294 566 2339 cernendum
593 2295 700 2347 erit,
724 2310 822 2338 num
842 2310 984 2340 eorum
1009 2299 1197 2352 precibus
1224 2298 1341 2354 super

317 2355 446 2412 petita
476 2351 668 2396 facultate
701 2355 935 2399 celebrandi
963 2355 1116 2399 Missam
1150 2358 1340 2401 interea.»

317 2412 475 2468 praestet
495 2424 672 2454 annuere
687 2440 701 2463 ,
727 2424 811 2455 tum
839 2413 862 2455 s1
890 2415 1012 2457 iidem
1028 2425 1144 2458 extra
1157 2416 1340 2459 Claustra

318 2470 515 2525 degentes
545 2484 724 2526 congruo
740 2471 941 2515 Beneficio
957 2500 971 2522 ,
996 2484 1062 2516 aut
1094 2476 1341 2519 Patrimonio

319 2529 359 2571 se
385 2529 558 2571 doceant
576 2530 778 2583 provisos,
807 2540 895 2572 tum
915 2530 938 2573 si
955 2543 1126 2590 utroque
1150 2545 1310 2579 careant
1325 2561 1340 2586 ³

320 2600 367 2629 ac
389 2584 427 2627 se
447 2588 612 2629 orbatos
637 2585 751 2630 ultro
769 2585 971 2632 fateantur
985 2618 996 2631 .

375 2643 423 2684 In
462 2653 682 2685 memorata
723 2642 839 2687 causa
879 2647 1109 2691 Sacerdotis
1144 2651 1341 2696 Francisci

318 2703 481 2745 Leanza
508 2699 651 2742 dimiffi
672 2702 721 2742 ab
748 2702 905 2744 Ordine
924 2706 1129 2748 Minorum
1149 2711 1342 2751 Conven2-

320 2757 490 2800 tualium
515 2771 588 2812 per
614 2761 850 2814 Superiores
876 2761 1096 2818 Religionis
1119 2766 1264 2822 absque
1279 2767 1349 2811 in-·

321 2826 510 2859 terventu
546 2817 586 2858 δι
615 2817 775 2871 Judicio
798 2821 1003 2864 Ordinarii
1024 2852 1038 2875 ‚
1063 2824 1189 2866 noluit
1213 2829 1338 2870 Sacer

319 2874 391 2917 iste
406 2878 573 2917 Senatus
602 2875 736 2918 facere
767 2877 825 2919 illi
842 2881 1079 2934 potestatem
1105 2883 1338 2928 celebrandi

319 2929 475 2975 Missam
489 2933 527 2973 in
552 2931 655 2975 statu
668 2935 896 2990 Presbyteri
913 2940 1113 2982 Secularis
1125 2970 1140 2991 ,
1159 2942 1225 2984 sed
1241 2942 1337 2995 ejus·-

319 2991 413 3033 dem
436 2990 609 3033 reditum
638 2992 685 3034 ad
701 2994 899 3044 claustra,
924 2997 964 3038 in
987 2997 1128 3053 quibus
1143 3000 1337 3046 Habitum

319 3048 572 3103 Regularem
596 3049 846 3105 resumeret,
873 3054 1113 3110 imperavit,
1134 3069 1176 3099 ut
1204 3059 1335 3106 inde)

320 3107 431 3149 causa
456 3108 637 3165 allegatae
653 3109 850 3153 nullitatis
867 3112 1119 3156 Profeffionis
1147 3121 1334 3171 cognosci

321 3162 471 3229 poffet3
499 3166 656 3210 indulsit
671 3178 830 3219 tamen,
853 3181 896 3212 ut
912 3172 1244 3230 Archiepiscopus
1259 3180 1334 3219 Pa..

322 3232 562 3287 nornntanus
583 3225 750 3269 Causam
774 3242 823 3271 ex
851 3229 1009 3285 integro
1023 3231 1273 3285 conficeret,
1298 3238 1339 3280 &

323 3278 491 3319 constito
508 3280 573 3322 fibi
595 3282 647 3325 de
663 3286 782 3328 caulis
798 3287 1059 3332 restitutionis
1078 3291 1115 3331 in
1135 3290 1336 3348 integrum

324 3332 512 3400 adversus
529 3337 676 3392 lapsum
690 3344 947 3400 quinquennii
964 3347 1103 3390 audito
1116 3352 1335 3405 Superiore

325 3390 492 3457 Lot-alit,
510 3407 606 3459 *eam
621 3398 741 3463 posset
754 3405 991 3446 auctoritate
1008 3409 1134 3449 Sacrae
1146 3411 1334 3464 Congre-

324 3457 494 3513 gattpnts
509 3457 726 3507 impertiri,
755 3459 983 3518 deindeque
998 3477 1086 3505 cum
1102 3466 1250 3508 eodem
1266 3472 1337 3511 Su-

324 3517 488 3569 Renore
503 3509 638 3551 [00³st
655 3540 669 3560 2
690 3526 810 3577 *prout
828 3517 925 3572 juris
951 3518 1060 3563 foret
1074 3551 1091 3572 ,
1116 3523 1336 3579 supe-rnul-

323 3562 442 3604 lltate
470 3563 719 3610 Prosessionis
751 3571 939 3627 judicium
971 3579 1146 3623 ederet.
1176 3585 1254 3627 Par
1279 3583 1338 3628 fa-

329 3620 460 3662 cultas
484 3623 732 3688 concedendi
747 3630 1035 3680 restitutionem
1049 3639 1087 3679 jn
1105 3639 1337 3695 integrum

328 3679 519 3720 ⁸dve¹⁵⁰⁵
541 3679 687 3748 '‘Psu-rn
713 3689 966 3743 quinquennii
1006 3696 1157 3738 tributa
1192 3697 1263 3741 fuit
1290 3701 1343 3742 ei.

324 3735 419 3778 dem
454 3738 767 3797 Archtepiscopo
783 3748 1062 3796 Panormitano
1072 3755 1110 3797 in
1126 3758 1342 3802 enunciatis

1131 193 1639 284 Provincia

1419 309 1542 352 caufis
1570 303 1730 352 Sororis
1747 301 1900 347 Ursulae
1914 299 2061 346 Felicis
2073 303 2279 360 Migliacci
2294 334 2309 359 ,
2344 307 2458 362 &Jo-

1419 367 1530 422 sephi
1548 363 1737 410 Alcello.
1773 363 1819 403 In
1836 363 2009 418 quadam
2034 365 2132 406 vero
2145 366 2459 421 Agrigentino-0

1418 438 1564 482 preces
1591 420 1829 467 Sacerdotis
1844 420 2048 464 Vincentii
2065 422 2207 473 Barifi,
2235 425 2305 479 qui
2329 437 2458 478 expo-

1418 497 1543 526 nenes
1560 477 1891 524 seProfessionem
1905 478 2070 522 emififfe
2083 480 2458 525 inOrdineCarme·

1421 541 1587 583 litatum
1601 539 1710 581 circa
1725 550 1872 580 annum
1883 555 1895 580 ι
1907 550 2022 589 705.‚
2037 539 2076 579 &
2089 538 2300 582 obtinuisse
2313 541 2364 583 ab
2378 542 2459 582 Or-

1421 599 1581 642 dinatio
1595 596 1871 652 Agrigentino
1885 594 1953 639 sub
1969 610 2120 640 annum
2139 598 2257 647 1718.
2289 611 2378 642 eam
2395 599 2458 640 in-

1417 657 1595 701 validam
1609 655 1840 707 declarari,
1853 658 2022 712 rogabat
2037 656 2104 697 fibi
2121 656 2309 711 permitti
2338 654 2458 700 Miffae

1416 715 1742 759 celebrationem
1770 742 1783 766 ,
1807 714 1876 757 die
1915 730 1979 771 ¹9·
2013 714 2114 770 Julii
2145 726 2270 767 1732.
2293 714 2456 772 rejeflae

1414 772 1580 816 fuerunt
1615 801 1629 824 ‚
1675 785 1720 814 ac
1761 771 1841 815 una
1877 774 1990 817 fimul
2022 772 2246 830 injunctum
2288 773 2457 830 Episco-

1413 846 1494 887 po,
1524 842 1570 873 ut
1598 828 1906 886 recognosceret
1933 861 1946 885 ‚
1980 846 2031 874 an
2068 833 2223 875 Orator
2260 831 2456 875 obtinuis-

1414 890 1473 932 set
1511 892 1535 934 ὲ
1560 889 1668 934 Sede
1696 890 1926 946 Apostolica
1954 891 2250 934 restitutionem
2277 890 2318 933 in
2345 892 2456 935 inte-

1412 962 1530 1004 grum
1560 977 1576 1000 ‚
1612 949 1652 990 &
1677 958 1876 1004 quatenus
1903 948 1957 991 de
1984 948 2051 991 ista
2079 965 2157 993 non
2188 949 2411 993 doceretur
2432 980 2450 1001 ,

1411 1007 1589 1049 eundem
1608 1015 1777 1061 cogeret
1801 1005 2007 1064 resumpto
2021 1008 2180 1052 Habitu
2199 1007 2375 1063 regulari
2395 1008 2447 1051 ad

1413 1066 1582 1109 claustra
1597 1065 1748 1107 redire.

1467 1127 1557 1181 Jam
1573 1125 1671 1167 vero
1685 1138 1735 1165 ne
1749 1122 1900 1167 lateant
1916 1123 2260 1167 Eminentiffimos
2275 1125 2354 1167 PP.
2370 1137 2449 1168 no-

1412 1183 1516 1225 mina
1532 1213 1548 1234 ,
1581 1182 1786 1237 susceptus
1803 1182 2032 1238 Religionis
2046 1183 2185 1235 Ordo,
2214 1184 2254 1224 &
2277 1182 2445 1239 praesens

1406 1240 1528 1284 status
1553 1254 1724 1291 eorum,
1753 1254 1925 1297 quorum
1953 1241 2143 1285 haetenus
2169 1245 2208 1285 S·
2227 1243 2319 1284 huic
2333 1245 2446 1285 Con-

1410 1299 1635 1356 gregationi
1661 1298 1806 1343 delatae
1829 1297 1916 1343 sunt
1932 1313 2076 1355 preces
2090 1330 2106 1351 ‚
2132 1310 2258 1356 utque
2279 1299 2445 1355 singulis

1407 1369 1529 1413 queat
1553 1367 1824 1416 opportunum
1842 1359 1970 1414 aptari
1985 1360 2222 1415 rescriptum
2248 1360 2298 1403 ab
2312 1356 2447 1402 unius-

1411 1415 1605 1474 cujusque
1621 1415 1836 1461 defensore
1853 1431 1930 1459 non
1944 1416 2068 1459 semel
2085 1417 2315 1474 expetitum
2333 1444 2347 1469 ‚
2369 1429 2445 1459 eoa

1410 1476 1601 1519 rumdem
1616 1476 1870 1531 Cathalogus
1885 1476 1946 1518 hic
1964 1475 2192 1518 adnectitur
2203 1503 2215 1515 .

1467 1534 1615 1591 Joseph
1630 1535 1759 1591 Borgh
1775 1530 1846 1578 sub
1859 1548 2005 1579 annum
2024 1547 2093 1585 ¹7¹
2109 1548 2140 1578 1.
2156 1533 2443 1578 Profesfionem

1410 1594 1538 1637 emisit
1557 1594 1597 1636 in
1613 1592 1769 1635 Ordine
1783 1595 2061 1636 Eremitarum
2091 1597 2130 1636 S.
2145 1593 2355 1650 Augustini
2383 1591 2446 1634 as-

1409 1652 1566 1709 sumpto
1593 1652 1756 1695 nomine
1789 1651 2002 1696 MichaElis
2031 1651 2211 1708 Angeli3
2241 1652 2311 1695 die
2343 1652 2443 1695 vero

1408 1726 1476 1767 23.
1503 1709 1749 1754 Novembris
1771 1711 1889 1766 1736.
1915 1712 1935 1751 a
1965 1710 2130 1753 V‘icario
2151 1709 2444 1754 GeneraliAr-

1405 1769 1650 1825 chiepiscopi
1678 1767 1931 1813 Meffanenfis
1956 1768 2203 1825 conjunt‘tim
2219 1782 2311 1810 cum
2328 1768 2444 1811 Prio-

1405 1842 1450 1871 re
1477 1825 1720 1871 Conventfis
1749 1827 1845 1871 dieti
1872 1827 2034 1870 Ordinis
2060 1827 2303 1870 sententiam
2332 1827 2441 1868 obti-

1407 1887 1493 1930 nuit
1516 1901 1590 1942 pro
1618 1886 1808 1929 nullitate
1831 1884 1903 1928 suae
1918 1885 2200 1928 Professionis:
2235 1888 2354 1928 Nunc
2367 1898 2440 1928 au-

1404 1955 1487 1989 tem
1512 1958 1690 2000 congruo
1710 1944 1892 2003 provisus
1919 1944 2171 1988 Patrimonio
2186 1944 2341 1989 Melitae
2366 1942 2439 1987 de·-

1433 2015 1463 2046 lt
1480 2031 1492 2045 Ι

1404 2018 1429 2061 g
1460 2064 1632 2105 Ioannes
1649 2061 1807 2105 Bonelli
1834 2063 1874 2104 in
1890 2061 2035 2104 eadem
2049 2059 2433 2117 Augustinianorum

1405 2122 1623 2178 Religione
1647 2121 1834 2164 Panormi
1852 2118 2050 2163 Professus
2072 2134 2179 2161 anno
2195 2133 2316 2168 1722.
2338 2119 2432 2162 nul-

1402 2181 1483 2223 lam
1510 2180 1687 2223 obtinuit
1721 2179 1919 2223 declarari
1955 2181 2062 2220 suam
2095 2176 2383 2222 Profeffionem
2407 2179 2434 2223 ὲ

1402 2240 1528 2283 Curia
1543 2238 1723 2295 generali
1741 2236 1954 2280 Catanenfi
1970 2236 2167 2279 subdiem
2189 2239 2436 2279 12.·1)ecem-

1402 2299 1485 2342 bris
1504 2310 1623 2352 1735.
1650 2299 1690 2341 ὃς
1717 2296 1796 2351 ipse
1821 2309 1980 2353 quoque
2004 2297 2045 2337 in
2063 2294 2238 2339 Dioecefi
2255 2294 2435 2338 Melevi-

1403 2368 1495 2401 tana
1511 2387 1525 2410 ‚
1549 2357 1615 2399 ubi
1646 2356 1841 2400 sufficiens
1870 2355 2164 2398 Patrimonium
2189 2353 2260 2396 fibi
2282 2353 2432 2397 consti-

1402 2418 1484 2459 tuit
1501 2444 1514 2467 ,
1548 2415 1669 2459 hodie
1692 2423 1966 2455 commoratur
1980 2442 1992 2452 .

1457 2473 1708 2519 Guillelmus
1727 2472 1910 2515 Petrollo
1927 2469 2219 2527 Agrigentinus
2248 2471 2287 2512 in
2315 2468 2433 2513 Reli·

1404 2537 1525 2590 glone
1555 2530 1856 2589 Capucinorum
1877 2529 2178 2572 Proseffiionem
2208 2527 2334 2571 emisit
2361 2542 2430 2571 an-

1406 2607 1458 2635 no
1490 2604 1607 2642 ¹7¹1-
1646 2592 1746 2632 hanc
1780 2599 1914 2632 autem
1941 2588 2162 2631 invalidam
2197 2586 2429 2629 declaravit

1402 2665 1507 2695 anno
1527 2651 1645 2704 1756.
1675 2649 1802 2692 Curia
1825 2645 2190 2704 Archiepiscopalis
2217 2645 2428 2689 Panormi-

1402 2720 1518 2754 tana:
1550 2709 1663 2764 degit
1690 2708 1758 2751 ille
1780 2708 1901 2750 modo
1930 2708 1969 2749 in
1998 2706 2175 2750 Dioecefi
2193 2703 2432 2762 Agrigenti·

1400 2783 1448 2813 na
1464 2781 1644 2822 congruo
1659 2765 1914 2810 Patrimonio
1934 2763 2113 2808 suffultus
2125 2792 2137 2805 .

1456 2826 1677 2871 Archillius
1692 2825 1890 2869 Chiarelli
1912 2825 1951 2866 in
1974 2826 2193 2868 Conventa
2218 2822 2426 2865 Minorum

1399 2885 1744 2930 Conventualium
1759 2882 2003 2927 S-Francisci
2019 2880 2292 2937 Agrigentinae
2304 2879 2422 2923 Dioe-

1397 2945 1492 2987 celis
1518 2944 1713 2988 solemnia
1735 2944 1846 2985 circa
1869 2954 2018 2985 annum
2038 2951 2151 2990 17¹0·
2171 2937 2421 2994 nuncupavit

1399 3005 1616 3059 Regularis
1634 3001 1890 3046 Profeffionis
1908 3009 2002 3043 vota
2017 3028 2031 3049 ,
2060 3011 2144 3054 quae
2159 2996 2226 3038 sub
2240 2996 2416 3039 obtentu

1395 3061 1472 3103 luis
1488 3075 1670 3109 venereae
1683 3062 1722 3103 in
1741 3055 1814 3102 511'0
1829 3057 2078 3115 postmodum
2094 3056 2262 3097 detee'tae
2280 3055 2424 3097 invali-

1395 3119 1447 3162 da
1460 3118 1685 3163 declaravit
1705 3118 1869 3173 Religio
1899 3117 2126 3161 subannum
2144 3125 2217 3170 ¹73
2234 3129 2295 3165 1.,
2319 3115 2422 3155 irre-

1393 3178 1538 3232 quisito
1548 3177 1781 3220 Ordinario:
1801 3173 2047 3221 Patrimoni6
2062 3171 2188 3230 aeque,
2202 3187 2248 3216 ac
2267 3168 2423 3215 Benefi-

1396 3234 1463 3279 cio
1479 3237 1666 3279 haetenus
1683 3236 1753 3278 ille
1768 3249 1908 3278 carere
1922 3235 2092 3277 dicitur.

1455 3296 1521 3336 Fr.
1539 3295 1688 3338 Fidelis
1711 3297 1731 3336 a
1758 3297 1797 3337 S.
1813 3293 2004 3349 Philippo
2027 3291 2106 3348 jam
2129 3291 2199 3334 diu
2224 3285 2419 3334 Profeffus

1395 3353 1559 3395 Ordinis
1584 3354 1882 3409 Capucinorum
1908 3352 1948 3395 in
1973 3354 2198 3395 Conventa
2226 3346 2420 3391 Dioecefis

1396 3411 1647 3465 Syracusanae
1670 3411 1905 3454 facultatem
1928 3424 2034 3453 anno
2051 3411 2171 3463 1738.
2201 3406 2374 3451 obtinuit
2397 3407 2423 3450 ὲ

1398 3469 1528 3512 Curia
1542 3470 1766 3526 Episcopali
1787 3470 2002 3512 Catanenfi
2021 3466 2258 3524 egrediendi
2271 3464 2421 3507 &clau-

1397 3526 1480 3570 stris
1506 3526 1577 3571 suae
1591 3528 1819 3584 Religionis
1832 3555 1847 3578 ,
1863 3526 1977 3570 nullo
1990 3541 2043 3570 ex
2055 3525 2331 3583 Regularibus
2344 3526 2420 3567 Su-

1398 3585 1624 3642 perioribus
1639 3586 1779 3629 audito
1793 3614 1804 3625 .

1456 3644 1599 3700 Ioseph
1625 3644 1827 3688 Leonardi
1851 3658 1956 3687 anno
1981 3656 2101 3694 1725·
2136 3639 2426 3687 Profeffionem

1404 3702 1532 3746 emifit
1569 3704 1680 3745 inter
1714 3704 1873 3744 Fratres
1908 3703 2127 3747 strictioris
2148 3700 2423 3744 Observantiae

1402 3764 1444 3805 S.
1456 3761 1656 3806 Francisci
1673 3762 1712 3803 in
1727 3762 1946 3804 Conventu
1959 3759 2154 3804 Dioecefis
2167 3759 2421 3858 Catgnenlis,

2229 3831 2238 3859 t
2272 3830 2366 3872 ique
