2618 4108
363 210 538 320 :1246

975 257 990 267 a
1018 220 1046 231 ²
1088 222 1095 227 ’
1121 197 1299 285 Pro
1315 202 1536 285 vinc
1553 198 1651 282 ia
1673 193 1681 197 ’

297 324 462 367 Ordinis
486 323 533 365 ad
551 313 662 364 illud
679 307 820 362 venire
838 314 1040 365 deberet,
1069 315 1321 370 erigeretur,
1383 321 1424 360 s.
1440 313 1695 357 francisciin
1710 310 1990 365 dieta-Dom03
2014 314 2055 358 aa
2071 315 2315 363 Monasserio
2330 321 2410 364 Ca-

289 385 331 425 &
355 385 394 425 in
423 382 529 424 illius
555 379 750 423 fabricam
768 372 1146 416 &restaurationem
1170 375 1318 418 fruetus

1381 375 1615 431 pucinarum
1633 372 1700 414 sub
1723 372 1982 414 invocatione
2008 375 2048 416 S.
2065 375 2303 422 Elisabethae
2320 381 2406 422 Re—

291 438 495 498 cujusdam
527 436 634 481 furni
665 438 702 477 δε
724 433 821 477 alias
851 433 936 473 suas
960 432 1099 473 domos
1127 434 1320 488 reliquit,
1376 435 1481 487 ‘ginae
1497 432 1714 485 amplecti,
1743 442 1784 472 at
1806 432 1845 472 in
1868 432 2101 484 communi,
2126 436 2226 479 nihil
2252 439 2406 494 proprii

289 500 345 541 ita
361 509 494 541 tamen
511 525 524 547 ,
547 495 654 551 quod
673 493 787 535 finita
818 490 973 532 fabrica
995 492 1035 531 &
1060 490 1318 535 restauratioa
1378 493 1579 534 habentes
1594 519 1610 541 ,
1628 490 1765 532 vivere
1782 517 1795 540 ‚
1821 491 1860 530 &
1873 502 2004 544 panno
2019 491 2088 534 vili
2113 505 2158 536 ae
2174 493 2335 541 sordido
2346 510 2409 540 er-

292 562 343 598 ne
368 554 620 610 hujusmodi,
647 553 713 594 uni
729 549 874 605 puellae
891 549 1050 604 Virgini
1069 550 1226 605 lingulis
1252 564 1323 591 an-
1383 550 1497 604 hagio
1514 548 1989 604 viilgariter‘nuncupato
2013 563 2105 593 cum
2133 553 2407 598 tunica&cu·

287 615 350 656 nis
372 614 444 655 dos
465 614 629 665 triginta
653 609 804 662 septem
826 606 1028 650 scutorum
1045 622 1135 650 cuni
1151 608 1321 650 dimidio
1385 608 1496 650 cullo
1522 607 1639 662 super
1657 609 1846 651 humeros
1863 608 1944 650 sese
1961 610 2137 662 vestire,
2168 625 2211 654 ac
2225 612 2407 657 sandaiiis

287 686 361 736 pei·
378 673 575 712 Reaores
592 666 809 721 Hospitalis
830 667 1151 714 S-Bartholomaei
1171 671 1317 709 Panor-

288 739 424 770 mitan.
450 726 593 781 (quod
619 726 820 769 hare-dein
839 723 947 767 fuum
963 726 1230 768 universalem
1255 727 1314 768 in·

287 786 502 836 stituerat)
528 784 577 837 ad
603 784 787 826 effectum
810 785 991 827 nubendi
1019 784 1278 839 assignaretur
1296 814 1310 836 ‚

287 846 326 885 &
339 843 505 899 quoad(
521 842 643 898 usque
660 839 808 884 dietum
823 843 1108 885 Monallerium
1135 842 1306 885 fabrica-

285 913 401 944 retur
432 929 444 950 ,
481 902 669 957 praedietae
701 904 852 955 Domus
882 930 895 952 ‚
935 916 1033 955 quas
1069 912 1166 943 tunc
1194 901 1306 955 ipsa-³

285 960 487 1003 Testatrix
512 961 788 1011 inhabitabat,
814 966 889 1015 pro
911 961 1086 1015 quinque
1111 961 1305 1003 Sororum

282 1020 579 1072 Capucinariim
607 1023 822 1075 pauperum
858 1027 930 1073 pei·
961 1024 1050 1062 eam
1083 1019 1306 1062 nominata-

280 1091 395 1128 rum,
426 1080 466 1119 &
493 1078 659 1122 aliarum
689 1093 759 1133 per
786 1077 1061 1120 Guardianum
1080 1080 1304 1121 Fratrum...

280 1139 590 1191 Capucinorum
617 1136 946 1181 nominandarum
963 1137 1216 1179 habitatione
1242 1139 1312 1179 ine

280 1195 639 1251 servirent‚eisque
653 1197 855 1241 redditum
872 1211 1047 1250 ann-uum
1066 1197 1203 1253 viginti
1220 1195 1304 1240 scu-

280 1260 414 1295 tforum
437 1266 608 1298 monetae
623 1256 670 1297 ad
688 1257 853 1310 granum
868 1258 908 1297 &
923 1256 1064 1299 vinum·
1087 1256 1306 1298 emendum

280 1310 479 1368 affignavit
494 1343 508 1364 ,
534 1316 573 1355 &
599 1317 646 1355 sic
677 1315 713 1356 in
729 1315 843 1356 dietis
864 1315 1060 1358 Domibus
1075 1319 1167 1358 ocio
1183 1319 1306 1358 So'ro-

277 1384 341 1418 res
358 1372 451 1413 dicti
471 1374 602 1415 Tertii
619 1373 783 1415 Ordinis
808 1377 847 1416 S.
864 1375 1067 1419 Francisci.
1086 1374 1106 1415 ἓι
1133 1375 1201 1416 die
1219 1375 1306 1432 obi·

277 1426 339 1480 tiis
371 1430 481 1473 dictae
506 1433 738 1475 Testatricis
769 1431 895 1489 usque
922 1432 970 1475 ad
999 1447 1145 1476 annum
1178 1430 1301 1488 1600.

276 1485 421 1541 absque
437 1489 637 1532 solutione
653 1491 819 1548 alicujus
845 1491 1040 1547 pensionis
1070 1493 1300 1549 permanse-

274 1549 368 1588 r'unt
392 1547 617 1591 clausuram
644 1551 810 1592 minime
832 1551 1062 1592 servantes.
1098 1552 1218 1593 Dicto
1233 1551 1302 1594 ‘ve—

275 1606 322 1646 ι”ὃ
347 1619 450 1647 anno
471 1609 592 1649 1600.
623 1609 814 1650 Felicitas
827 1607 958 1651 Corsi)
981 1611 1163 1663 praedieta
1177 1611 1301 1654 Soror

278 1665 485 1719 Capucina
513 1665 693 1723 ejusdem
709 1669 845 1711 Tertii
859 1668 1024 1710 Ordinis
1042 1673 1078 1712 S.
1097 1669 1298 1713 Francisci

273 1724 398 1764 aetatis
416 1735 483 1777 54.
501 1740 700 1768 annorum
715 1755 729 1778 ‚
755 1741 801 1770 ac
818 1726 870 1768 de
887 1727 1013 1769 nobili
1039 1739 1190 1783 genere
1206 1743 1297 1782 pro-

274 1791 408 1832 creata
437 1783 474 1823 in
498 1784 620 1826 dietas
649 1787 801 1828 Domos
828 1785 1040 1838 migravit,
1067 1802 1153 1842 quae
1179 1798 1297 1831 tum.»

271 1850 439 1897 propter
467 1845 695 1896 provectam
721 1854 908 1894 aetatem,
937 1854 1021 1885 tum
1050 1847 1208 1900 generis
1227 1861 1300 1887 no-

273 1897 473 1941 bilitatem
488 1900 527 1942 in
543 1901 766 1945 Ministram
785 1901 910 1946 electa
927 1931 941 1953 ‚
967 1902 1109 1947 divino
1131 1900 1298 1947 favente

270 1956 422 1998 auxilio
441 1986 464 2018 ,Υ
481 1958 642 2014 vitaque
667 1959 731 2003 sua
760 1961 982 2016 exemplari
999 1961 1121 2006 dietas
1144 1967 1297 2006 Demos

270 2015 321 2056 ad
336 2018 502 2057 formam
521 2020 779 2069 Monasterii.‚
795 2021 1139 2067 eascircumcirca
1153 2023 1296 2066 occlu-

268 2072 371 2114 dens
384 2098 398 2122 ,
424 2088 515 2124 cum
532 2077 712 2122 Ecclefia
737 2080 798 2120 seu
817 2082 1012 2133 Oratorio
1028 2110 1043 2132 o
1058 2083 1207 2126 &aliis
1224 2097 1295 2124 ne-

271 2127 459 2194 qeffariiss
473 2132 636 2178 reduxit
651 2160 665 2188 ,-
692 2137 756 2179 ubi
773 2137 853 2194 ipsa
868 2152 959 2194 cum
975 2140 1116 2196 viginti
1132 2143 1293 2184 Sorori-

266 2190 345 2232 bus
375 2192 619 2243 unanimiter
648 2194 839 2251 quidem,
857 2213 934 2241 non
961 2206 1095 2242 tamen
1110 2206 1293 2242 commu-

268 2262 365 2292 nem
388 2250 519 2292 vitam·
530 2250 725 2296 ducentes
740 2283 754 2306 ,
766 2269 843 2299 nec
855 2252 1070 2301 clausuram
1086 2260 1291 2302 sbrvantes

266 2309 390 2365 usque
417 2309 621 2370 adan-num
643 2314 925 2369 1603·omni‚
952 2332 1028 2372 qua
1054 2317 1292 2369 decr-t,h0-

265 2367 422 2409 nestate
446 2369 493 2409 &
509 2368 627 2412 bono-
642 2371 833 2426 exemplo
858 2374 1042 2416 vixerunt
1057 2405 1068 2417 .
1103 2376 1291 2421 Eodem..

263 2439 371 2467 anno
399 2430 520 2480 1603.
555 2428 1091 2490 dieta-Min‘tstrasaliaeque
1120 2439 1290 2479 Sorores

267 2484 459 2543 praedIRae
477 2485 615 2550 sponte
642 2487 707 2547 sua
729 2490 959 2545 ,clausuram
978 2495 1133 2545 servare
1151 2509 1291 2549 coepe-

266 2553 360 2583 runt
391 2544 584 2588 habentes
612 2543 1016 2592 snumssConfefforeni
1041 2549 1289 2596 ordinarium

267 2601 559 2664 Presbyterum
577 2605 806 2661 saecularem
821 2637 835 2658 ,
860 2608 995 2651 divina
1014 2611 1051 2651 in
1069 2614 1209 2654 Choro
1226 2612 1286 2653 of-

265 2656 355 2698 ficia
375 2670 607 2714 peragentes
621 2686 635 2714 ς
658 2674 706 2706 ac
722 2666 991 2710 voluntariam·
1006 2681 1285 2724 paupertatem

265 2723 455 2781 amplexae
480 2721 526 2760 ad
559 2723 663 2785 hunc
693 2723 818 2781 usque
841 2725 952 2768 diem
976 2725 1044 2768 sub
1074 2728 1256 2771 clausura
1273 2759 1288 2781 ‚

266 2776 303 2815 &
322 2787 358 2834 in
371 2789 574 2840 communi
594 2782 782 2829 vixerunt
804 2798 854 2826 ex
870 2784 1103 2841 quibusdam
1119 2788 1260 2830 annuis
1275 2815 1288 2837 a

268 2832 453 2873 tenuibus
480 2837 614 2879 tamen
643 2842 872 2886 redditibus
889 2873 902 2895 ,
928 2840 968 2885 &
995 2844 1150 2898 piorum
1178 2845 1290 2889 elee-

268 2888 471 2943 mosynis,
497 2893 550 2935 de
566 2897 704 2950 quibus
732 2902 875 2944 multas
896 2902 1046 2944 nomos
1074 2905 1288 2960 contiguas

270 2948 320 3013 ad
338 2949 518 2992 valorem
543 2952 713 2998 duorum
739 2960 909 3001 millium
939 2959 1194 3004 scutorumin
1223 2974 1288 3006 to-

268 3015 354 3048 tum
382 3008 641 3067 ascendentes
669 3017 809 3059 &aliis
829 3019 1021 3060 Domibus
1049 3020 1286 3065 fundatricis

268 3064 512 3131 adherentes
529 3076 901 3128 coemerunt‚ita‚ut
916 3076 1064 3120 dietum
1085 3081 1286 3122 Monaste-

270 3134 372 3163 rium
396 3138 435 3165 in
459 3128 612 3180 optimo
638 3130 734 3174 statu
760 3135 799 3175 δι
821 3135 1001 3177 terminis
1028 3140 1283 3190 reperiatur,

270 3187 316 3219 ut
337 3181 439 3234 quasi
458 3184 506 3225 ad
534 3185 702 3230 formam
722 3192 860 3236 Infulae
881 3193 1115 3244 redastutm
1144 3209 1190 3237 ac
1207 3211 1281 3238 un-

273 3233 479 3306 dequaque
496 3242 596 3287 bene
609 3247 810 3292 occlusum
827 3279 842 3303 ,
869 3251 1031 3308 ipsaque
1043 3251 1194 3295 fabrica
1219 3254 1286 3298 fini

272 3292 318 3332 sit
333 3304 529 3346 proxima.

329 3353 431 3392 Cum
449 3366 579 3419 autem
596 3387 611 3410 ‚
633 3363 728 3406 sicut
745 3366 891 3410 eadem
905 3370 1099 3425 expositio
1127 3369 1286 3426 subjun-

273 3408 390 3473 gebat
404 3434 418 3455 2
441 3411 541 3478 dista
559 3418 731 3463 Ministra
749 3426 936 3468 Felicitas
953 3455 966 3477 ‚
981 3427 1146 3483 aliaeque
1162 3431 1288 3486 vigin-

270 3474 302 3505 ti
328 3463 411 3531 duae
429 3472 594 3535 Sorores
617 3479 829 3539 praedictae,
856 3498 1023 3540 quai-um
1046 3487 1176 3540 major
1189 3503 1280 3544 pars

270 3520 405 3563 multis
431 3525 574 3569 abhinc
601 3543 711 3574 antiis
740 3539 779 3579 in
807 3541 918 3583 dietis
937 3545 1129 3587 Domibus
1156 3548 1281 3599 vixit,

269 3581 308 3621 &
324 3593 407 3635 <111ae
426 3595 561 3652 0¹Pfles
577 3586 597 3626 ὲ
615 3589 739 3632 tribus
761 3597 870 3638 annis
886 3600 978 3650 sese,
994 3611 1037 3644 ut
1053 3603 1258 3658 praefertur
1270 3632 1284 3657 ,

270 3637 486 3702 spontanee
500 3642 751 3709 recluserunt
769 3678 781 3700 ,
798 3654 1085 3705 perfectionem
1101 3662 1286 3718 Religio-

269 3708 330 3736 nis
353 3698 390 3737 δι
415 3696 582 3741 Claustn
601 3702 824 3756 hujusmodi
852 3707 1100 3771 summopere
1126 3719 1281 3762 defide-

269 3763 358 3797 rent
387 3782 413 3829 ³,
444 3757 686 3814 cupiantque
719 3761 916 3818 Regulam
949 3775 1082 3819 Tertii
1113 3777 1289 3821 ordinis·

1378 668 1442 709 uti
1461 695 1472 716 ,
1486 668 1525 707 δι
1553 666 1773 709 secundum
1787 668 2110 711 constitutiones
2125 669 2175 712 ab
2190 671 2409 714 Ordinatio

1377 726 1482 781 prius
1497 725 1781 779 approbandas
1795 739 1810 778 3
1824 739 1919 783 quas
1938 740 2013 782 pro
2024 728 2131 770 bono
2144 728 2239 772 dieti
2262 732 2407 773 Mona-

1373 785 1478 827 sterii
1494 786 1656 827 noviter
1670 785 1854 839 erigendi
1887 787 2084 842 regimine
2103 787 2242 830 facere
2272 788 2406 832 inten-

1369 843 1468 883 dunt
1485 855 1507 892 ‚·
1525 841 1564 886 se
1580 854 1755 898 regere,
1780 843 1909 886 nostrii
1933 857 2065 890 tamen
2085 848 2125 888 δι
2149 846 2266 891 Sedis
2287 850 2403 902 Apoa

1368 900 1516 943 stolicae·
1542 900 1591 943 ad
1610 902 1692 945 'hoc
1719 902 1784 944 sibi
1813 903 2051 959 suffragante
2075 905 2275 959 licenti&
2304 906 2402 949 ideo

1369 972 1443 1015 pro
1460 961 1610 1002 Earum
1634 971 1750 1016 parte
1766 961 1896 1004 Nobis
1923 962 1997 1004 fuit
2021 964 2232 1008 humiliter
2249 964 2402 1020 suppli-

1367 1024 1501 1061 catum
1514 1046 1529 1069 ‚
1544 1029 1587 1060 ut
1603 1022 1667 1061 eis
1679 1021 1717 1062 in
1733 1019 1928 1075 praeniitfis
1944 1029 2124 1065 annuere
2138 1021 2191 1066 de
2207 1024 2399 1079 benigni-

1366 1087 1453 1119 tate
1478 1078 1710 1132 Apostolica
1729 1077 1989 1134 dignaremur
2007 1108 2018 1120 .
2079 1107 2081 1112 f
2143 1099 2144 1102 ¹

1425 1139 1509 1178 Nos
1528 1137 1652 1192 igitur
1679 1139 1892 1195 piumhoc
1921 1138 2086 1187 illarum
2114 1136 2395 1195 desiderium.»

1365 1193 1581 1248 plurimum
1596 1195 1658 1237 ⁴inv
1674 1197 1855 1238 Domino
1879 1189 2315 1249 commendabun'ac
2344 1198 2396 1240 il·

1367 1253 1499 1296 larum
1538 1255 1702 1308 singulas
1726 1257 1750 1303 ὲ
1777 1255 1979 1312 quibusvis
2004 1257 2398 1299 excommunicatio-

1365 1313 1428 1354 nis
1452 1311 1792 1367 &e.·-censentes,
1819 1328 1896 1358 nec
1911 1317 1995 1358 noti.
2012 1317 2238 1358 Dohiorum
2255 1314 2396 1372 praefa-

1366 1383 1495 1414 tarum
1512 1373 1741 1415 fituationes
1755 1404 1770 1425 ,
1794 1372 1972 1417 confines
1987 1404 2002 1426 ,
2019 1373 2217 1416 vocabula
2230 1404 2245 1425 ,
2262 1375 2392 1418 deno-

1367 1431 1606 1473 minationes
1621 1455 1638 1484 ,ι
1662 1429 1980 1488 nuncupationes
1999 1460 2014 1483 ‚
2038 1434 2078 1474 ἃ.
2096 1444 2214 1475 veros
2238 1434 2396 1477 etiarn..

1362 1503 1513 1532 annuos
1543 1490 1701 1533 valores
1728 1491 1989 1548 pratentibus
2016 1505 2090 1546 pro
2115 1490 2304 1548 expressis
2321 1494 2395 1535 ha-

1363 1548 1504 1591 bentes
1519 1577 1533 1599 ‚
1551 1548 1774 1604 hujusmodi·
1791 1550 2144 1606 supplicationibus
2173 1550 2355 1594 inclinati
2373 1579 2389 1602 ‚

1359 1608 1414 1648 de
1438 1607 1607 1651 consilio
1625 1610 2141 1652 Venerabilium-Fratrum
2169 1609 2395 1653 nostrorum

1363 1668 1402 1708 S.
1421 1667 1470 1708 R.
1488 1669 1536 1708 E.
1555 1667 1835 1710 Cardinalium
1851 1670 1964 1724 super
1979 1667 2150 1722 negotiis
2172 1668 2394 1723 Episcopo·

1361 1738 1450 1767 rum
1475 1728 1512 1767 &
1537 1726 1805 1782 Regulariu'm
1821 1725 2107 1782 deputatorum
2124 1725 2395 1779 Fraternitati

1362 1786 1460 1826 Tuae
1488 1798 1563 1839 per
1590 1784 1801 1839 praesentes
1817 1787 2110 1838 committimus
2127 1814 2139 1837 ,
2164 1786 2204 1826 δι
2229 1783 2396 1828 manda·

1362 1856 1446 1883 mus
1462 1868 1474 1890 2
1503 1854 1545 1885 ut
1559 1843 1612 1886 de
1634 1843 1830 1900 praemiffis
1850 1848 1911 1888 Te
1927 1843 2150 1900 diligenter
2174 1836 2391 1896 infornie8‚

1360 1897 1397 1941 Sc
1419 1898 1445 1941 fi
1470 1915 1542 1956 per
1561 1901 1891 1944 informationem
1919 1899 2145 1958 hujusmodi
2170 1900 2267 1944 Tibi
2288 1903 2391 1944 vere

1359 1960 1588 2002 constiterit
1606 1988 1618 2011 ‚
1645 1962 1751 2017 quod
1777 1960 1927 2015 dietum
1946 1959 2233 2003 Monasterium
2250 1960 2389 2004 debita

1358 2011 1540 2062 clausura
1560 2021 1760 2061 munitum
1784 2010 1857 2070 fit,
1882 2021 2077 2076 diftaeque
2102 2017 2276 2063 Sorores
2291 2019 2391 2062 red-³

1357 2078 1466 2120 ditus
1492 2092 1643 2121 annuos
1667 2080 1707 2120 δι
1729 2077 1888 2121 securos
1906 2078 1955 2120 ad
1976 2078 2165 2121 summam
2183 2079 2384 2134 quingen-

1356 2146 1488 2179 torum
1504 2139 1542 2179 &
1556 2137 1806 2191 septuaginta
1822 2136 2196 2192 septem'scutorum
2212 2151 2303 2180 cuni
2321 2136 2384 2179 di-

1353 2195 1480 2238 midio
1508 2194 1772 2251 ascendentes
1789 2197 1909 2239 certis
1940 2197 2059 2239 modo
2073 2198 2113 2239 &
2139 2194 2266 2238 forma
2282 2195 2391 2238 obti-

1355 2264 1492 2304 neant,
1506 2252 1823 2310 qui5praesertim
1839 2268 1930 2296 cum
1944 2254 2214 2309 eleemosynis
2231 2254 2388 2309 piorum

1352 2311 1690 2356 christifidelium
1704 2342 1718 2364 ‚
1733 2328 1778 2355 ac
1794 2314 1998 2357 laboribus
2016 2326 2207 2356 manuum
2227 2312 2386 2356 suarum

1353 2368 1404 2413 ad
1431 2380 1648 2426 congruam
1668 2372 1816 2415 Earum
1836 2372 2164 2415 sustentationem
2182 2401 2198 2423 ,
2223 2382 2266 2412 ut
2285 2369 2387 2428 affe}

1354 2432 1458 2472 ritur
1472 2457 1487 2479 ‚
1514 2430 1712 2473 sufficiunt
1727 2459 1741 2482 ‚
1764 2432 1924 2485 aliaque
1937 2432 1977 2487 jn
1992 2432 2106 2474 dietis
2123 2431 2318 2473 Domibus
2333 2429 2387 2474 ad

1355 2488 1588 2532 Monasterii
1608 2487 1775 2530 formam
1792 2489 2006 2532 necessaria
2023 2487 2384 2539 adfuerint5urium'

1352 2548 1637 2590 Monaiierium
1653 2548 1747 2589 dieii
1767 2549 1898 2590 Tertii
1923 2547 2087 2590 Ordinis
2111 2548 2242 2589 Saneti
2260 2550 2384 2590 Fran·

1350 2607 1441 2649 cisci
1462 2606 1528 2648 sub
1550 2606 1805 2649 invocatione
1820 2606 2103 2649 §.Elisabethae
2119 2608 2286 2657 Reginae
2304 2619 2384 2660 pro

1349 2664 1415 2707 usu
1435 2667 1471 2706 &
1489 2666 1739 2708 habitatione
1758 2666 1996 2708 Monialium
2011 2694 2024 2717 ‚
2038 2678 2133 2721 quas
2154 2665 2290 2722 piures
2305 2664 2383 2707 tri·

1350 2725 1460 2780 ginta
1483 2724 1611 2766 tribus
1631 2726 1707 2766 etse
1731 2723 1916 2766 nolumus
1933 2753 1947 2775 ‚
1973 2724 2214 2767 auctoritate
2233 2723 2381 2766 Nostra

1350 2782 1584 2837 Apostolica
1611 2784 1812 2838 perpetuo
1843 2782 1926 2840 fine
1955 2782 2122 2838 alicujus
2149 2781 2383 2838 praejudicio

1351 2843 1479 2896 erigas
1496 2870 1509 2893 ‚
1532 2844 1569 2882 &
1592 2841 1632 2883 in
1649 2842 1718 2884 illo·
1736 2857 1807 2896 per
1824 2844 1885 2884 Te
1904 2841 1952 2884 fic
1969 2845 2105 2884 ereffto
2121 2842 2245 2884 dietas
2259 2844 2384 2883 Soro-

1352 2914 1419 2942 res
1436 2929 1450 2951 ‚
1476 2910 1594 2955 prout
1613 2900 1828 2944 Canonicae
1843 2902 2033 2943 ordinant
2056 2899 2272 2943 sanctiones
2285 2926 2301 2950 ‚
2324 2899 2382 2941 in·

1349 2958 1486 3001 eludas
1504 2987 1518 3010 ,
1543 2959 1775 3015 dieiumque
1792 2959 2077 3002 Monaflerium
2093 2956 2312 3011 &singulas
2327 2956 2381 2999 il-

1349 3020 1423 3060 lius
1443 3017 1644 3061 Moniales
1664 3032 1769 3060 nunc
1796 3020 1835 3059 &
1858 3031 1929 3071 pro
1951 3028 2136 3071 tempore
2160 3016 2379 3058 existentes

1348 3078 1455 3119 omni
1484 3079 1521 3118 ac
1547 3089 1786 3132 quacunque
1809 3072 2083 3132 jurisdictione
2109 3075 2148 3115 &
2177 3074 2377 3129 potestate

1345 3134 1559 3180 Generalis
1576 3162 1589 3185 ‚
1606 3133 1867 3175 Provincialis
1880 3159 1893 3180 a
1917 3148 1963 3175 ac
1992 3133 2163 3175 aliorum
2180 3133 2274 3175 dieti
2292 3135 2380 3179 Or-

1344 3194 1446 3236 dinis
1463 3195 1644 3234 Fratrum
1671 3190 1859 3233 totaliter
1885 3192 2068 3233 eximens
2085 3220 2098 3242 ,
2121 3194 2216 3234 Tuae
2240 3194 2280 3234 δι
2302 3204 2376 3247 pro

1350 3262 1535 3307 tempore
1574 3250 1782 3293 existentis
1824 3250 2125 3306 Archiepifcopi
2165 3249 2376 3293 Panormi-

1349 3311 1431 3354 tani
1449 3307 1732 3362 iurisdie'tioni,
1750 3309 1959 3364 potestati,
1989 3308 2207 3352 visitationi
2232 3337 2248 3360 ‚
2281 3320 2376 3350 cor·

1348 3368 1540 3419 restioni,
1559 3369 1598 3409 δι
1616 3369 1807 3422 gubernio
1824 3379 2025 3423 perpetuo
2043 3366 2228 3421 subijcias
2244 3394 2257 3407 .

1407 3430 1606 3469 Praeterea
1625 3455 1639 3477 ‚
1664 3439 1715 3469 ne
1730 3427 1868 3483 aliqua
1883 3426 2089 3469 Conversa
2113 3429 2152 3467 in
2169 3424 2268 3467 illud
2287 3422 2377 3466 ullo

1343 3484 1479 3531 modo,
1495 3499 1568 3527 nec
1585 3485 1670 3528 ullo
1685 3495 1873 3542 tempore
1890 3485 2127 3528 admittatur
2144 3511 2159 3534 ‚
2182 3482 2377 3537 expresse

1342 3543 1759 3601 prohibeas,statuasq;
1775 3572 1788 3596 ‚
1802 3558 1851 3587 ne
1866 3542 1948 3586 ulla
1966 3543 2177 3596 deinceps,
2194 3541 2266 3583 nisi
2278 3554 2375 3583 cum

1346 3603 1448 3645 dote
1464 3601 1645 3645 redditus
1667 3605 1816 3654 annui,
1838 3604 1878 3643 δι
1893 3600 2023 3644 securi
2046 3600 2213 3656 triginta
2244 3598 2378 3642 scuto—

1347 3675 1435 3704 rum
1452 3660 1491 3702 in
1507 3661 1729 3703 Monialem
1743 3660 1965 3715 recipiatur
1978 3687 1993 3711 ‚
2018 3674 2084 3711 nc,
2097 3669 2139 3701 ut
2158 3660 2374 3714 praedicta.»

1342 3718 1521 3763 Ministra
1534 3747 1548 3770 a
1569 3721 1730 3762 Vicaria
1746 3747 1760 3770 ‚
1773 3720 1813 3759 &
1827 3719 2015 3774 Magistra
2030 3719 2288 3762 Novitiarum
2305 3717 2380 3761 sta·-

1341 3779 1443 3830 tim,
1470 3777 1555 3820 aliae
1578 3780 1680 3821 vero
1695 3777 1897 3822 Mouiales
1916 3779 1953 3820 in
1980 3791 2032 3820 eo
2050 3791 2151 3821 nunc
2179 3776 2375 3876 degpntes

2176 3848 2256 3879 con
2279 3849 2319 3878 e·
