2664 4114
329 230 436 364 usus,
453 317 490 355 &
516 309 776 355 observantia
804 304 1064 359 inviolabili,¹
1089 319 1142 352 ex
1167 307 1249 355 sola
1278 320 1367 351 mu-

329 384 396 415 tua
412 399 426 421 ‚
457 375 497 413 &
519 372 677 427 privata
699 372 883 411 Fratrum
899 364 1107 410 amicabili
1122 368 1366 411 conventio-

327 442 408 486 ¹³⁶3
438 444 520 488 quae
537 441 670 471 tamen
694 426 849 469 ratione
862 423 1086 479 juramenti
1108 423 1162 466 de
1175 427 1366 483 digniore

326 491 543 547 eligendo,
560 484 822 529 conscientias
834 485 1026 526 Fratrum
1048 483 1175 526 minus
1204 487 1364 528 securas

327 552 494 599 reddit,
527 549 643 602 quam
672 542 694 583 fi
724 541 1147 587 eademAlternativa
1179 546 1367 588 Decreta

327 607 563 667 Aposto‘lico
578 603 731 644 firmata
747 600 872 643 fuerit
886 630 897 645 .
911 629 944 643 ..
964 631 977 647 .

336 695 338 697 »
384 671 469 711 ΙΙΙ.
501 668 607 705 Cum
634 663 802 703 Fratres
821 659 1006 704 Minores
1030 668 1223 716 tanquam
1240 662 1368 705 Pere-

324 728 456 785 grini,
488 724 527 762 &
558 721 724 762 advenae
750 718 790 760 in
819 719 895 762 hoc
925 719 1082 764 mundo
1106 720 1288 765 viventes
1314 734 1364 763 ex

322 792 526 843 praecepto
554 783 595 822 S.
613 778 784 833 Regulae
808 787 883 821 nec
901 777 1067 833 locum,
1090 793 1168 822 nec
1188 780 1363 836 aliquam

321 856 406 888 rem
442 841 510 882 sibi
557 838 823 894 appropriare
868 837 1009 893 poffint.
1036 864 1051 886 a
1091 837 1271 894 indeque
1311 838 1362 882 ad

319 913 484 947 o'mnem
516 898 615 953 juris
648 896 952 952 praetenstonem
984 897 1212 948 inhabiles,
1241 908 1361 940 tam-a

321 965 360 1005 in
397 957 655 1003 habitatione
695 954 883 1000 locorum
906 983 920 1007 2
963 957 1079 1012 quam
1111 957 1149 998 in
1180 955 1266 1010 ipsis
1292 966 1360 997 re·

319 1023 390 1063 bus
427 1018 479 1060 ad
511 1018 603 1059 vitae
634 1013 963 1059 sustentationem
993 1013 1216 1059 necessariis
1257 1012 1356 1055 nihil

318 1081 495 1122 habeant
523 1105 538 1126 ,
576 1074 644 1116 nist
672 1086 859 1124 merum,
891 1075 931 1119 δι
959 1071 1180 1130 simplicem
1210 1073 1358 1117 usum-s

320 1133 630 1182 revocabilem,
654 1132 1038 1188 sequituromnino,
1065 1132 1172 1188 quod
1189 1145 1355 1183 omues,

318 1200 358 1239 &
385 1195 526 1251 singuli
541 1196 783 1236 Conventus
807 1191 941 1247 quoad
958 1193 1081 1235 talem
1104 1191 1212 1235 usum
1229 1191 1355 1234 debe-

321 1266 415 1299 rent
430 1253 508 1295 esse
529 1254 566 1293 &
581 1249 794 1302 declarari,
809 1251 1019 1299 omnibus,
1030 1253 1068 1292 &
1083 1250 1244 1306 singulis
1261 1251 1353 1293 Fra-

320 1315 448 1356 tribus
478 1313 514 1353 in
546 1312 620 1350 hac
637 1309 849 1351 Provincia
868 1308 1054 1353 Profeffis
1078 1323 1152 1364 pro
1168 1309 1322 1364 semper
1340 1334 1355 1360 ‚

317 1377 353 1415 &
383 1371 541 1415 semper
567 1378 826 1415 communes,
853 1368 942 1421 quia
971 1368 1070 1416 tali,
1097 1369 1138 1410 δι,
1165 1380 1245 1410 non
1272 1368 1354 1410 alio

317 1431 450 1474 animo
466 1417 629 1474 omnes,
653 1425 693 1466 ὃς
719 1422 861 1480 singuli
882 1423 931 1467 ad
960 1425 1002 1467 S.
1017 1425 1215 1468 Ordinem
1239 1439 1354 1468 rece-

316 1490 403 1546 pti,
431 1489 470 1528 &
495 1486 535 1525 in
559 1483 632 1525 hac
649 1482 864 1525 Provincia
886 1480 935 1526 ad
963 1486 1005 1525 S.
1025 1481 1353 1528 Profeffionem...

315 1545 467 1593 admisti
496 1542 688 1593 fuerunt,
716 1550 762 1584 ut
791 1540 964 1597 proinde
995 1541 1190 1599 Religiofi
1215 1543 1354 1586 Praefi-

313 1604 446 1650 diatsu
465 1601 696 1645 Materensis
726 1613 798 1655 per
825 1598 1089 1652 divisionem,
1118 1600 1199 1644 sive
1220 1613 1351 1644 mate-

314 1666 490 1713 rialem,
523 1660 605 1702 sive
627 1658 866 1707 formalem,
893 1659 965 1702 tali
993 1659 1061 1704 usu
1090 1662 1277 1715 privandi
1307 1660 1347 1704 se

314 1723 487 1768 multum
503 1717 778 1774 aggravandos
793 1748 803 1759 .
819 1748 830 1760 .
844 1747 855 1758 .
867 1746 878 1758 .
912 1732 992 1759 non
1014 1719 1222 1760 immerito
1246 1734 1344 1760 con—

312 1792 568 1841 querantur3
599 1777 690 1834 quia
720 1780 926 1821 veron..
960 1776 1076 1819 Idem
1103 1778 1342 1822 Commissa—

312 1845 394 1886 r'ius
411 1870 425 1892 ,
445 1843 483 1883 δι
499 1836 688 1881 Visttator
703 1835 919 1879 Generalis
938 1835 1183 1880 EE.vestris
1199 1851 1343 1894 reprae-

312 1904 468 1946 sentare
482 1898 608 1940 debet
623 1924 637 1947 ,
667 1909 793 1938 unum
815 1909 866 1939 ex
882 1893 1119 1938 fortioribus
1139 1897 1308 1940 motivis
1326 1924 1340 1948 ,

311 1962 332 2004 a
351 1957 555 2002 nonnullis
573 1956 621 2000 ad
636 1954 907 1998 evincendam
925 1954 1190 2007 divisionem,
1222 1954 1340 2000 sive)

312 2016 590 2064 materialem,
617 2013 695 2057 five
710 2012 921 2057 formalem
948 2014 988 2058 in
1003 2014 1186 2059 medium
1203 2015 1339 2071 prola-

312 2075 363 2120 tis
381 2075 481 2118 illud
498 2072 575 2115 esse
590 2101 604 2123 ‚
632 2072 739 2129 quod
759 2072 873 2129 hujus
887 2074 1105 2116 Provincia:
1124 2073 1346 2131 Religion,-

314 2137 411 2181 ficet
425 2132 603 2190 ejusdem
619 2132 745 2174 Patris
759 2161 774 2182 ,
786 2133 826 2176 &
840 2133 985 2175 Matris
1004 2133 1123 2184 Filii,
1144 2136 1184 2178 &
1202 2135 1239 2176 in
1257 2148 1344 2176 mo-

312 2196 405 2240 dica
425 2192 539 2248 hujus
559 2193 691 2247 Regni
717 2202 834 2246 parte
862 2191 932 2233 uni
955 2191 1173 2250 eidemque
1188 2193 1344 2238 Princi-

311 2255 352 2311 pi
369 2251 536 2305 subjet‘ta
552 2252 695 2294 mutuo
710 2250 931 2294 convivere
946 2252 1012 2295 vix
1025 2263 1200 2307 queant,
1225 2252 1343 2300 inde,

312 2309 570 2369 quantumvis
600 2309 796 2366 ejusmodi
811 2307 975 2353 affertio
996 2310 1105 2353 inter
1122 2313 1242 2356 Viros
1257 2313 1342 2355 Re-

312 2371 470 2425 ligiosos
485 2399 499 2420 ,
520 2370 559 2410 &
576 2369 787 2423 Seraphici
806 2370 942 2412 Patris
959 2370 1083 2413 Filios
1099 2398 1111 2421 ‚
1128 2371 1241 2413 nullo
1255 2381 1343 2412 mo-

311 2431 367 2473 do
397 2426 625 2471 tolleranda
648 2427 723 2477 sit,
747 2426 813 2469 sed
842 2428 974 2482 potius
1001 2429 1224 2486 castiganda
1246 2440 1343 2474 tam-

311 2502 429 2545 quam
446 2486 526 2541 legi
540 2485 686 2528 divinae
699 2515 712 2537 ,
734 2488 935 2533 naturali,
959 2500 1006 2528 ac
1023 2488 1203 2531 humanae
1218 2501 1340 2543 repu-

314 2559 437 2603 gnans
453 2573 467 2596 ,
496 2555 613 2600 prout
643 2546 680 2586 in
709 2547 748 2586 S.
765 2544 1002 2588 Visitatione
1017 2574 1030 2595 ,
1064 2547 1131 2588 ubi
1150 2545 1301 2589 nonnisi
1318 2549 1342 2592 ὲ

313 2605 449 2661 paucis
464 2603 603 2645 audita
627 2601 731 2653 fuit,
756 2603 862 2644 omni
877 2601 1233 2658 poffibiliSpiritfis
1261 2604 1342 2646 fer-

312 2676 412 2706 vore
426 2673 615 2716 correpta
628 2689 642 2711 ,
658 2663 696 2701 &
711 2663 931 2715 exprobata
945 2657 1020 2703 fuit
1035 2690 1046 2701 .
1065 2662 1341 2704 Nihilominus

314 2721 439 2764 etiam
467 2721 559 2761 huic
584 2717 776 2773 praetenso
791 2720 899 2761 malo
927 2720 1157 2763 remedium
1177 2722 1339 2777 aliquod

315 2780 405 2822 dari
421 2776 528 2833 posse
543 2777 707 2819 videtur
725 2803 738 2825 2
765 2777 788 2821 si
806 2779 995 2822 nimirum
1017 2792 1079 2832 ¹4·
1094 2780 1340 2824 Guardianis

313 2853 364 2880 ex
396 2836 577 2892 qualibet
602 2835 795 2879 Custodia
833 2837 1033 2892 eligendis
1064 2839 1258 2895 Religiofi
1288 2853 1339 2884 ex

314 2896 458 2938 eadem
474 2894 664 2937 Custodia
685 2895 845 2938 oriundi
861 2910 935 2950 pro
951 2898 1119 2940 Familia
1141 2898 1338 2954 assignen-

312 2966 380 2997 tur
394 2983 406 3005 ,
438 2952 575 3008 hisque
591 2954 628 2995 in
642 2955 706 2995 sua
723 2954 912 2999 Custodia
927 2953 994 2998 sex
1009 2983 1024 3007 2
1040 2957 1105 3000 vel
1121 2959 1211 2999 octo
1224 2961 1338 3000 Con-

313 3023 457 3055 ventus
474 3012 523 3055 ad
537 3013 760 3055 incolatum
779 3023 1042 3067 permaneant
1057 3042 1071 3066 ,
1094 3016 1337 3070 reliquisin-

313 3083 379 3113 ter
404 3071 501 3113 alias
524 3071 622 3113 duas
638 3071 847 3114 Custodias
875 3071 1084 3127 aequaliter
1097 3072 1341 3117 distributis.

315 3132 378 3171 Ex
393 3142 472 3183 quo
488 3131 653 3173 eveniet
668 3159 682 3181 ‚
700 3141 743 3171 ut
763 3133 928 3173 Fratres
945 3131 984 3174 in
1000 3131 1181 3184 qualibet
1196 3132 1336 3176 Custo.

316 3188 382 3228 dia
395 3186 546 3228 mixtim
562 3187 670 3231 simul
687 3216 701 3238 ,
726 3190 767 3230 δι
782 3203 859 3230 non
874 3191 1126 3232 commixtim
1143 3191 1335 3234 convive.

317 3253 438 3293 rent,
463 3244 591 3287 donec
618 3245 754 3288 senfim
772 3247 941 3290 meliora
967 3245 1108 3302 sapere
1128 3278 1143 3300 ,
1164 3248 1335 3292 animos-

317 3315 397 3356 que
413 3299 500 3342 suos
527 3302 575 3345 ad
596 3304 816 3357 religiosam
833 3307 1093 3349 concordiam
1113 3322 1335 3364 compone-

317 3373 362 3400 re
376 3358 525 3400 discant
542 3388 555 3410 ‚
582 3365 761 3416 exceptis
781 3375 915 3407 tamen
933 3364 1200 3409 studentibus
1215 3392 1228 3415 2
1246 3370 1334 3408 No-

318 3417 453 3466 vitiis,
479 3419 517 3457 &
544 3416 744 3483 clericis,
771 3422 836 3476 qui
867 3423 919 3466 ob
946 3424 1093 3468 bonum
1109 3425 1332 3470 Provinciae

318 3486 528 3517 commune
556 3477 687 3529 potius
715 3481 961 3524 commixtim
976 3484 1103 3538 poni,
1135 3484 1331 3534 educari,

316 3534 355 3573 δι
376 3533 510 3573 instrui
532 3531 731 3577 deberent
747 3564 761 3586 ‚
787 3550 984 3592 quatenus
1010 3540 1121 3585 simul
1137 3544 1175 3586 se
1186 3543 1330 3587 convi-

315 3603 414 3632 vere
428 3589 599 3641 debere,
612 3594 649 3635 &
664 3591 864 3638 divisionis
881 3598 1053 3642 stimulos
1067 3629 1078 3640 .
1091 3629 1103 3644 .
1118 3628 1128 3640 .
1143 3629 1155 3643 .
1186 3601 1333 3658 deper-

316 3648 418 3690 dere
434 3648 639 3690 addiscant
655 3678 666 3689 .

375 3708 446 3747 IV.
482 3710 586 3748 Cum
601 3708 706 3750 circa
721 3708 937 3753 incolatum
949 3715 1187 3759 Conventus
1198 3718 1331 3762 Saler-

317 3765 437 3806 nitani
455 3767 565 3809 inter
583 3766 672 3808 istos
691 3767 914 3822 Religiosos
931 3786 1010 3816 non
1027 3775 1156 3819 minor
1169 3775 1329 3821 fitcon-

1115 190 1231 278 Pr
1256 193 1656 281 ovinam

1427 308 1656 361 troversia,
1688 304 2004 362 &zzelotypim'
2029 303 2154 361 quitur
2166 304 2281 354 circa
2298 305 2465 362 ipsum.)

1425 367 1812 418 Provincialatum,
1835 364 2013 421 eoquod
2044 377 2186 406 omnes
2215 363 2305 408 fere
2334 369 2462 409 totius

1425 427 1651 478 Provinciae
1664 429 1907 469 Conventus
1923 422 2104 480 ejusdem
2120 421 2468 481 subsidioindige·

1425 494 1494 528 ant
1518 512 1532 536 ,
1571 486 1612 526 &
1643 483 2161 541 tempore'nundinar‘um,
2187 484 2465 538 quae··5a1erni

1428 542 1643 599 quotannis
1671 543 1871 588 celebrari
1897 541 2057 593 solent,
2083 551 2165 584 tatu
2185 542 2238 584 de
2263 540 2370 585 sacra
2400 542 2466 585 su-

1424 597 1816 657 pellectum-quarn
1842 599 1896 645 de
1926 599 2289 645 cibis’esurialibus
2319 600 2387 643 fibi
2402 601 2466 644 sos-

1427 661 1540 706 leant
1566 659 1819 716 providere3
1846 660 2007 717 jamque
2032 659 2072 703 in
2089 658 2464 703 Constitutionibus

1427 718 1597 763 Ordinis
1615 717 1817 774 provisum
1833 719 1878 762 fit
1897 749 1911 772 ,
1939 731 1982 762 ut
1998 732 2074 775 pro
2089 716 2373 762 Conventibu·s
2399 718 2466 762 lo-

1424 791 1567 821 corum
1582 777 1947 833 Principaliorurn,
1961 779 2032 828 ubi
2050 779 2098 823 be
2106 791 2157 821 ne
2173 777 2298 822 visum
2313 775 2464 834 fuerit»,

1423 836 1476 880 ad
1494 836 1786 878 removendam
1807 852 1972 881 omnem
1997 832 2265 894 suspicionem
2278 865 2292 889 ,
2315 833 2355 878 &
2371 832 2468 880 fini-

1421 895 1546 938 strum
1573 892 1801 947 judicium,
1821 896 2085 946 collocentur
2123 894 2348 939 Guardiani
2390 900 2466 952 per

1419 952 1658 996 scrutinium
1675 953 1907 1004 secretum,
1939 955 2034 996 ideo
2056 953 2106 997 ad
2136 954 2461 1009 conservandam

1418 1024 1561 1068 pacem
1585 1010 1815 1054 consultum
1833 1005 2027 1066 videtui,
2046 1021 2091 1054 ut
2115 1009 2260 1066 eadem
2279 1013 2361 1070 ipsa
2386 1012 2465 1057 Al-

1419 1071 1624 1113 ternativa
1639 1097 1655 1122 ,
1682 1085 1769 1126 quae
1794 1067 1839 1112 fit
1864 1069 1971 1113 iutra
1987 1069 2203 1113 Custodias
2225 1071 2336 1114 circa
2352 1071 2462 1116 Pro-

1420 1128 1703 1181 vincialatum,
1718 1128 1788 1172 fiat
1804 1130 1914 1171 inter
1927 1126 2028 1185 ipsas
2043 1127 2205 1184 pariter
2219 1129 2331 1172 circa
2346 1131 2464 1174 Con-

1418 1193 1588 1231 ventum
1602 1188 1908 1231 Salernitanum
1923 1216 1936 1241 ,
1954 1189 1994 1230 δι
2010 1186 2156 1230 Custos
2174 1186 2460 1232 Salernitanus

1415 1245 1470 1289 de
1495 1247 1675 1289 triennio
1689 1247 1734 1289 in·
1749 1247 1972 1290 triennium
1994 1243 2154 1302 semper
2171 1245 2389 1289 assumatur
2406 1256 2460 1289 ex

1415 1304 1487 1350 illa
1518 1305 1743 1357 custodia,
1773 1321 1860 1364 quae
1891 1306 1929 1348 in
1963 1304 2165 1362 Capitulo
2196 1304 2455 1364 praecedenti

1417 1364 1755 1408 Provincialatum
1773 1365 1906 1407 tenuit
1926 1395 1942 1416 ,
1964 1365 2020 1407 ita
2046 1375 2181 1418 tamen
2200 1393 2215 1416 ,
2243 1376 2290 1409 ut
2306 1366 2346 1407 in
2364 1366 2458 1407 Cu-

1414 1423 1551 1466 stodes
1572 1423 1671 1479 eligi
1684 1436 1767 1468 non
1783 1424 1992 1475 debeant,
2017 1422 2085 1468 nifi
2105 1420 2202 1467 RR.
2219 1421 2302 1468 Pp.
2321 1427 2458 1468 ad’tua-

1415 1481 1476 1527 les
1490 1510 1505 1533 ,
1531 1481 1598 1525 vel
1615 1483 1838 1528 habituales
1858 1483 2100 1539 Provinciae·

1474 1543 1527 1583 V.
1559 1544 1666 1586 cum
1694 1541 1734 1584 in
1761 1543 1975 1586 vestitione
1991 1543 2181 1585 Fratrum
2210 1551 2292 1585 non
2314 1539 2457 1585 serve-

1413 1609 1481 1643 tur
1498 1598 1707 1655 aequalitas
1721 1627 1735 1640 .
1750 1633 1762 1642 .
1777 1629 1788 1643 .
1805 1630 1817 1642 .
1851 1601 2015 1645 videtur
2032 1600 2265 1645 consultum
2279 1630 2294 1654 ,
2327 1603 2367 1642 &
2384 1606 2456 1643 ne'-‘

1411 1656 1649 1711 cessarium,
1681 1668 1728 1703 ut
1753 1657 2110 1714 elemosynarum,
2142 1675 2189 1702 ac
2223 1658 2455 1716 pannorum'

1406 1718 1663 1773 applicatio,
1691 1732 1816 1767 cura,
1842 1721 1882 1760 δι
1898 1719 2128 1763 distributio
2145 1732 2227 1761 non
2251 1718 2297 1760 fit
2322 1727 2450 1775 penes

1404 1775 1532 1820 solum
1551 1775 2180 1830 MinistrumProvincialem,sed
2194 1791 2321 1834 penes
2338 1775 2444 1820 hunc

1402 1837 1442 1878 &
1470 1847 1596 1891 penes
1628 1838 1709 1879 PP.
1726 1836 1930 1881 Custodes
1957 1836 2068 1878 simul
2102 1836 2142 1880 δι
2169 1835 2416 1893 conjunEIim
2437 1864 2452 1890 ,

1401 1906 1524 1952 prout
1540 1894 1711 1951 idipsum
1726 1896 1850 1938 etiam
1867 1895 1907 1941 in
1923 1895 2015 1939 aliis
2035 1895 2261 1940 Provinciis
2285 1894 2354 1938 usu
2375 1906 2447 1937 ve·

1393 1954 1487 2004 nit,-
1502 1955 1542 1995 &
1555 1953 1636 2011 ipsa
1654 1959 1694 1998 S.
1707 1954 1870 2010 Regula
1884 1953 2078 1998 Ministris
2095 1954 2448 2007 Provincialibus,

1403 2015 1445 2057 δε
1472 2014 1717 2059 Custodibus
1755 2013 1870 2059 simul
1905 2012 2107 2076 ejusmodi
2143 2027 2282 2059 curam
2324 2013 2448 2057 attri-

1406 2073 1530 2118 buat.

1465 2133 1652 2178 vl.Cum
1667 2134 1705 2176 in
1720 2131 2025 2177 totaProvincia
2043 2130 2153 2175 nulla·
2167 2127 2442 2188 fintCollegia

1403 2194 1566 2251 publica
1580 2221 1595 2245 ,
1611 2205 1662 2235 ne
1675 2192 1843 2249 quidem
1858 2207 1933 2248 pro
1951 2191 2086 2236 studiis
2105 2189 2414 2235 humanioribus
2429 2216 2445 2240 ,

1405 2261 1584 2308 excepto
1597 2251 1682 2295 solo
1698 2254 1792 2295 loco
1811 2251 2099 2302 salernitano,
2123 2250 2444 2307 indequeJuve·-⁴

1402 2324 1475 2354 nes
1504 2310 1556 2354 ad
1584 2311 1838 2356 S-Habitum
1865 2324 1943 2366 pro
1967 2309 2144 2354 Clericis
2167 2306 2445 2359 assumantur,

1403 2384 1449 2414 ac
1475 2368 1690 2414 succeffive
1718 2370 1770 2413 ad
1797 2369 2085 2414 Sacerdotium
2111 2395 2127 2418 ,
2160 2366 2211 2411 ad
2245 2365 2446 2412 Praelatu'-

1401 2443 1468 2471 ras
1484 2431 1561 2469 διε.
1580 2436 1900 2484 promoveantur
1918 2455 1932 2482 ,
1947 2426 2078 2472 studio
2090 2424 2315 2470 'sufficienti
2331 2421 2444 2479 haud

1403 2487 1611 2534 instruiti,
1637 2486 1734 2529 ideo
1759 2486 2058 2530 inevitabiliter
2088 2481 2353 2529 necessarium
2381 2484 2443 2525 vi-

1403 2546 1526 2589 detur
1541 2575 1555 2598 ,
1579 2557 1623 2587 ut
1640 2549 1804 2588 Fratres
1818 2545 1973 2588 Clerici
1988 2545 2237 2588 instruantur
2255 2543 2292 2588 in
2313 2542 2446 2588 Litte-

1403 2608 1459 2649 ris
1474 2605 1844 2656 humanioribus,&
1857 2605 1897 2647 in
1912 2604 2094 2661 qualibet
2109 2602 2303 2647 Custodia
2318 2614 2444 2646 unum

1403 2665 1545 2709 altem
1560 2664 1792 2719 Theologiae
1810 2664 1971 2707 moralis
1989 2661 2160 2706 studium
2179 2661 2444 2714 instituatur-3

1401 2738 1448 2769 ac
1477 2722 1665 2779 insuper,
1687 2734 1734 2765 ut
1763 2725 1929 2765 Fratres
1955 2735 2092 2764 omnes
2110 2749 2123 2775 ,
2153 2722 2192 2762 &
2219 2719 2360 2764 finouli
2389 2720 2444 2762 ad

1402 2782 1623 2827 audiendas
1640 2784 1828 2827 Fratrum
1845 2780 2124 2825 Confeffiones
2137 2806 2151 2828 a
2179 2779 2246 2823 vel
2264 2755 2441 2835 doeputa-

1402 2843 1508 2894 tati,
1534 2841 1600 2884 vel
1621 2841 1846 2897 deputandi
1866 2841 1903 2883 in
1918 2840 2103 2896 qualibet
2122 2839 2349 2883 visitatione
2363 2838 2440 2881 Mi.

1399 2900 1510 2944 nisui·
1528 2899 1798 2945 *Provincialis
1828 2901 1956 2955 parati
1976 2902 2049 2940 fint
2076 2897 2124 2942 ad
2153 2895 2435 2942 subeundum..

1398 2973 1568 3002 examen
1586 2957 1703 3014 super
1720 2959 1954 3004 sufficientia
1971 2959 2164 3002 dofitrinae
2187 2956 2234 3000 ad
2251 2957 2403 3000 rectam
2421 2983 2437 3006 ,

1398 3017 1552 3062 licitam
1575 3043 1589 3065 s
1619 3020 1660 3058 &
1685 3019 1864 3062 securam
1893 3017 2141 3061 Sacramenti
2168 3014 2435 3061 Poenitentiae‘

1396 3075 1784 3121 administrationem
1801 3075 2023 3130 requisrtae.

1407 3154 1410 3158 ⁷
1456 3136 1554 3177 vu.
1586 3137 1691 3177 Cum
1717 3134 1759 3179 in
1787 3136 1862 3177 hac
1878 3135 2092 3178 Provincia
2121 3132 2256 3190 passim
2273 3131 2434 3176 Novitii

1396 3194 1447 3237 ad
1463 3191 1665 3236 Ordinem
1691 3194 1943 3249 recipiantur
1961 3223 1974 3246 ,
1996 3191 2109 3235 nulla‘i
2135 3191 2269 3235 habiti}
2295 3203 2434 3234 atten-

1396 3253 1511 3296 tione
1527 3252 1727 3294 natalium
1742 3281 1757 3301 ,
1781 3266 1941 3296 morum
1956 3282 1968 3304 ,
1983 3254 2022 3294 δε
2037 3252 2257 3294 studiorum
2272 3278 2286 3301 ,
2311 3250 2432 3294 inde-

1395 3324 1476 3366 que
1491 3311 1706 3352 maximum
1721 3311 1970 3363 Provinciae,
1996 3313 2035 3356 ,δι
2052 3310 2267 3366 Regularis
2291 3307 2430 3351 obser-

1395 3367 1538 3411 vantiae
1552 3368 1851 3412 detrimentum
1874 3370 2086 3413 enascatur
2104 3397 2118 3420 ‚
2147 3368 2243 3410 ideo
2267 3366 2315 3409 ad
2331 3379 2428 3408 con-

1393 3425 1632 3470 servandam
1648 3428 1767 3471 etiam
1782 3429 1887 3471 inter
1899 3428 2108 3471 Custodias
2124 3424 2396 3482 aequalitatem
2411 3453 2426 3476 ‚

1391 3485 1556 3527 omnino
1580 3485 1804 3531 consultum
1826 3516 1840 3537 ,
1869 3489 1909 3528 &
1936 3485 2196 3531 necessarium
2226 3483 2421 3531 videtur,

1390 3555 1434 3588 ut
1451 3542 1670 3599 aspirantes
1694 3546 1744 3587 ad
1761 3543 1960 3588 Ordinem
1979 3545 2018 3587 se
2036 3541 2307 3599 personaliter
2324 3555 2424 3596 prae-

1394 3603 1577 3654 sentent,
1604 3602 1671 3644 vel
1697 3613 1886 3658 tempore
1914 3592 2099 3659 Capituli
2123 3600 2420 3652 provincialis,

1393 3661 1459 3703 vel
1490 3662 1527 3703 in
1556 3661 1758 3704 consuetis
1789 3666 1953 3707 Patrum
1987 3658 2420 3714 Congregationibus,

1390 3719 1528 3774 ibique
1559 3721 1780 3764 aPatribus
1806 3719 1918 3763 simul
1945 3719 2203 3773 congregatis
2219 3718 2423 3762 studiosa„

1388 3778 1605 3835 disquisitio
1620 3776 1688 3822 fiat
1711 3777 1763 3824 de
1780 3778 1942 3824 illorum
1957 3777 2157 3823 natalibus
2171 3803 2185 3828 2
2207 3777 2383 3878 metabus
2398 3804 2413 3828 ,

2313 3849 2359 3879 μ..
