2618 4108
986 243 1649 360 Syracusana.

251 364 308 413 In
335 358 554 430 Hospitio
585 358 825 428 Syracusae
843 394 859 418 ,
900 362 1114 410 Fratrum
1150 361 1281 412 Infir-

316 451 500 484 morum
547 432 795 482 commodo
824 427 1039 479 destinato
1063 465 1080 488 ,
1123 430 1276 482 Perso-

314 521 396 553 nas
421 506 672 554 Saeculares
701 538 718 562 ,
759 497 954 565 cujusvis
984 498 1070 550 sint
1102 498 1274 571 gradus

305 573 373 627 ,ὅς
401 574 674 624 conditionis
710 571 879 637 recipi,
908 568 1156 639 hospitari,
1190 589 1270 624 aut

320 645 612 715 pernostare,
640 640 722 692 sub
749 637 935 690 censura
964 642 1199 709 prohibet,

249 771 868 826 INNOCENTIUS
922 771 1129 821 PAPA
1177 774 1272 822 XI.

423 891 495 936 Ad
506 896 738 946 perpetuam
762 890 822 931 rei
849 890 1072 930 memoriam
1086 915 1099 930 .

367 1010 466 1060 Um,
480 1005 579 1049 ficut
595 1006 775 1049 Dilectus
789 1005 916 1049 Filius
930 1008 1175 1050 Procurator
1188 1006 1275 1047 Ge-

387 1066 536 1109 neralis
552 1066 715 1108 Ordinis
740 1068 926 1108 Fratrum
951 1066 1160 1107 Minorum
1175 1068 1273 1107 San-

249 1129 302 1170 ἂῐ
320 1123 516 1169 Francisci
535 1125 833 1180 Capucinorum
853 1133 1174 1177 nuncupatorum
1192 1135 1269 1163 nu-

247 1199 326 1241 per
341 1184 486 1239 exponi
503 1181 601 1224 fecit
613 1208 628 1231 ‚
653 1185 814 1225 Fratres
832 1181 924 1223 dini
943 1180 1108 1221 Ordinis
1124 1181 1269 1234 Hospi-

248 1246 352 1286 tium
367 1243 406 1283 in
419 1239 604 1281 Civitate
618 1238 861 1294 syracusana
878 1238 1080 1289 habeant,
1094 1238 1144 1280 ad
1159 1236 1266 1293 quod

245 1303 409 1344 Fratres
426 1296 578 1341 Infirmi
599 1310 647 1338 ex
664 1310 808 1340 eorum
823 1299 1042 1339 Conventu
1059 1297 1109 1338 ab
1124 1297 1268 1339 eadem

247 1358 436 1402 Civitate
450 1354 743 1411 aliquantulum
756 1366 919 1397 remoto
933 1384 948 1407 ,
968 1364 1012 1396 ut
1029 1353 1178 1398 ibidem
1195 1367 1269 1395 cu-

242 1426 387 1459 rentur
411 1443 426 1466 ‚
467 1412 683 1456 transmitti
711 1412 1007 1457 consueverunt
1029 1443 1041 1455 .
1073 1415 1268 1456 Verum..-

241 1470 821 1527 idemHospitiuminterdum
844 1474 867 1516 ὲ
893 1472 1061 1514 diversis
1088 1471 1266 1527 personis

241 1531 480 1591 potentibus
503 1531 543 1572 in
565 1545 616 1573 eo
634 1531 822 1586 hospitari
842 1531 1071 1573 volentibus
1086 1544 1266 1585 occupe-

241 1593 365 1635 turin
389 1603 511 1646 grave
527 1589 767 1632 eorumdem
798 1591 981 1632 Fratrum
1005 1587 1265 1632 Infirmorum

241 1649 536 1693 detrimentum
553 1677 568 1699 ‚
597 1649 661 1690 cui
699 1649 934 1704 Superiores
963 1647 1200 1691 Conventus
1226 1648 1266 1688 δι

239 1708 417 1764 Hospitii
435 1707 658 1762 hujusmodi
679 1720 899 1750 occurrere
911 1718 1116 1762 nequeunt
1130 1736 1142 1748 .
1176 1708 1264 1748 No-

240 1768 304 1810 bis
321 1776 535 1824 propterea
553 1766 680 1808 dit‘tus
699 1767 942 1808 Procurator
957 1766 1173 1808 Generalis
1189 1766 1264 1806 hu-

242 1825 399 1869 militer
415 1823 628 1881 supplicari
646 1824 742 1867 fecit
756 1853 770 1874 ‚
787 1833 832 1866 ut
846 1825 886 1865 in
903 1824 1096 1878 praemiffis
1112 1837 1263 1880 oppor-

241 1885 340 1926 tune
354 1882 575 1939 providere
589 1911 607 1933 ,
619 1885 721 1933 &‚ut
736 1883 1068 1936 infra‚indulgere
1082 1882 1136 1924 de
1152 1881 1263 1924 beni-

237 1942 396 1999 gnitate
407 1943 445 1982 Ἀ
453 1940 642 1996 postolica
657 1940 916 1995 dignaremur
929 1967 943 1980 .

296 2003 384 2043 Nos
399 1999 522 2054 igitur
535 1999 650 2054 ipfius
667 1998 944 2040 procuratoris
957 1997 1174 2042 Generalis
1191 2010 1259 2040 vo-

235 2056 290 2099 tis
306 2058 378 2100 hac
389 2057 428 2098 in
445 2070 489 2099 re
502 2083 517 2103 ³
531 2067 721 2111 quantum
734 2070 825 2098 cum
843 2058 1020 2099 Domino
1033 2054 1230 2113 possumus
1244 2083 1257 2106 ,

238 2115 521 2159 favorabiliter
555 2129 736 2158 annuere
768 2115 952 2158 volentes
980 2144 995 2168 ‚
1033 2129 1207 2171 eumque
1234 2117 1258 2157 a

237 2171 438 2230 quibusvis
465 2174 898 2218 excommunicationis
921 2176 1000 2215 διε.
1033 2176 1073 2215 &
1099 2173 1259 2216 absolu-

238 2241 327 2275 tum
341 2233 431 2272 fore
447 2231 653 2275 censentes
668 2259 682 2280 a
709 2229 932 2287 hujusmodi
954 2231 1256 2286 supplicationi·

237 2291 315 2332 bus
333 2289 546 2338 inclinati,
573 2303 622 2330 ne
638 2289 691 2330 de
706 2298 867 2330 coetero
881 2288 1084 2345 quisquam
1101 2318 1115 2340 ,
1141 2291 1259 2332 slve..)

238 2346 445 2391 Saecularis
459 2375 471 2396 ‚
484 2345 562 2388 five
577 2345 1174 2403 Ecclefiaiiicus‚cujustumque
1189 2346 1261 2387 stas

238 2404 304 2450 tfis
322 2436 335 2457 ‚
361 2402 537 2460 gradus,
568 2405 748 2455 ordinis,
775 2406 1110 2459 praeeminentiae‚
1133 2407 1170 2447 &
1196 2404 1260 2446 di-

240 2465 406 2524 gnitatis
421 2464 578 2514 existat,
592 2465 656 2519 qui
673 2466 816 2505 Frater
830 2465 994 2506 Ordinis
1011 2462 1165 2518 praefati
1180 2477 1260 2504 non

236 2524 312 2574 fit,
340 2523 379 2564 in
397 2520 584 2576 Hospitio
598 2521 788 2576 praedic‘to
802 2523 871 2564 sub
887 2536 1147 2577 quocumque
1163 2535 1260 2577 prae-

237 2590 380 2632 textu,
406 2582 568 2635 quaefito
598 2581 765 2630 colore,
800 2582 989 2637 ingenio,
1020 2579 1135 2623 causa
1152 2607 1166 2627 ‚
1192 2577 1263 2621 vel

237 2638 445 2682 occasione
463 2637 652 2694 hospitari
667 2666 681 2688 ‚
706 2637 772 2679 vel
788 2642 1053 2693 pernotstare3
1081 2653 1184 2681 neve
1198 2637 1263 2679 ul·

239 2699 303 2740 lus
330 2698 526 2752 Superior
549 2724 563 2747 ‚
598 2695 663 2738 vel
693 2699 837 2738 Frater
863 2697 1043 2754 ejusdem
1068 2696 1233 2738 Ordinis
1250 2723 1265 2746 ,

242 2756 368 2799 etiam
387 2753 567 2810 specifica
581 2755 619 2794 ὃς
635 2753 840 2798 individua
856 2755 1063 2798 mentione
1075 2783 1090 2806 ,
1112 2755 1177 2797 vel
1193 2768 1266 2796 ex-

239 2814 442 2870 preffione
455 2813 601 2867 dignus
616 2841 628 2862 ,
654 2826 892 2868 quemquam
906 2841 919 2863 ‚
946 2815 1012 2868 qui
1030 2816 1172 2855 Frater
1187 2815 1264 2854 Or-

235 2873 340 2915 dinis
358 2869 584 2927 hujusmodi
603 2885 682 2912 non
697 2869 765 2920 fit,
780 2870 967 2926 Hospitio
984 2871 1134 2912 ibidem
1151 2870 1263 2912 exci-

236 2945 333 2986 pere
349 2958 362 2979 ,
377 2941 511 2982 aut‚ut
524 2928 675 2970 ibidem
691 2927 932 2982 hospitetur,
949 2929 1015 2972 vel
1031 2930 1260 2984 pernofftet,

239 2988 465 3031 concedere
479 3017 491 3039 ‚
515 2988 578 3029 vel
598 2989 837 3042 permittere
853 2987 999 3030 audeat
1014 2987 1156 3042 quovis
1171 3000 1260 3028 mo-

239 3046 294 3088 do
310 3073 324 3095 ,
339 3045 407 3088 seu
426 3044 656 3099 praesumat,
680 3044 747 3087 sub
763 3045 1183 3089 excommunicationis
1201 3044 1262 3086 la-

237 3112 287 3145 tae
303 3103 532 3155 sententiae,
560 3104 744 3161 &quoad
773 3107 1003 3160 Regulares
1025 3105 1149 3145 etiam
1176 3103 1259 3156 pri·

237 3161 407 3204 vationis
425 3162 529 3204 vocis
545 3162 675 3203 anivae
692 3165 730 3203 δι
749 3162 896 3216 paffivae
909 3162 1055 3219 poeniS,
1071 3175 1141 3217 per
1158 3174 1258 3201 con-

236 3218 501 3262 trafacientes
516 3233 565 3261 eo
580 3219 660 3273 ipso
675 3218 819 3276 absque
841 3222 918 3264 alia
937 3221 1257 3263 declaratione,

234 3277 492 3320 incurrendis
508 3305 522 3328 ,
550 3277 569 3316 εὶ
586 3279 726 3332 quibus
753 3292 872 3320 nemo
895 3278 1156 3322 absolutionis
1185 3280 1256 3318 be-

234 3334 427 3379 neficium
443 3363 456 3385 ,
485 3333 550 3376 nisi
570 3340 607 3375 in
629 3337 770 3379 mortis
786 3337 961 3379 articulo
988 3336 1228 3378 constitutus
1243 3362 1257 3384 ,

231 3393 300 3436 vel
321 3394 583 3437 relaxationis
602 3421 614 3443 ‚
642 3395 1058 3437 velrehabilitationis
1085 3395 1257 3448 gratiam

232 3453 255 3494 ὲ
271 3466 469 3508 quoquam
488 3479 501 3502 ‚
526 3461 789 3508 praeterquam
804 3454 826 3496 a
844 3453 971 3496 Nobis
987 3479 1001 3500 ‚
1022 3452 1085 3494 seu
1106 3455 1257 3494 Roma-

230 3522 288 3551 no
299 3509 496 3552 Pontifice
512 3524 585 3564 pro
601 3520 786 3566 tempore
800 3512 996 3553 existente
1009 3538 1022 3562 ,
1038 3511 1175 3553 valeat
1192 3510 1260 3550 ob.

233 3567 382 3620 tinere,
399 3569 631 3624 Apostolica
653 3570 1067 3621 authoritate‚tenore
1092 3570 1261 3623 praesen-

232 3626 332 3667 tium
358 3626 663 3678 interdicimus,
686 3631 726 3670 ὃς
753 3629 1013 3684 prohibemus
1031 3657 1042 3669 .
1068 3629 1164 3670 Non
1181 3628 1258 3668 ob-

232 3683 422 3727 stantibus
450 3686 818 3730 Constitutionibus
856 3689 896 3729 &
920 3684 1252 3730 Ordinationibus

232 3742 477 3797 Apostolicis
491 3771 506 3794 ³
530 3747 779 3801 &quatenus
797 3760 895 3802 opus
924 3747 971 3788 stt
985 3774 998 3798 ,
1018 3743 1186 3787 Ordinis
1217 3745 1257 3785 δι

232 3801 470 3846 Conventus
492 3803 770 3860 praediRorum
787 3832 802 3857 ‚
827 3803 991 3862 aliisque
1017 3801 1220 3860 quibusvis
1234 3813 1253 3855 3

2153 285 2320 366 199

1337 367 1460 407 etiam
1480 364 1739 420 juramento,
1763 365 2074 413 confirmatione
2095 372 2330 426 Apottolica
2346 406 2361 427 ‚

1338 425 1403 465 vel
1417 427 1556 478 quavis
1572 423 1763 469 firmitate
1781 427 1858 469 alia
1880 430 2081 470 roboratis
2108 430 2261 473 statutis
2275 461 2290 483 ‚
2316 435 2357 477 δι

1335 482 1685 526 consuetudinibus
1700 513 1713 535 ‚
1730 486 1952 542 privilegiis
1967 500 2127 544 quoque
2140 518 2153 540 ,
2171 490 2357 541 indultis,

1331 541 1371 580 δι
1386 542 1535 582 Literis
1548 543 1792 596 Apostolicis
1808 544 1846 585 in
1863 549 2113 589 contrarium
2142 547 2357 602 praemiffo-

1328 612 1417 639 rum
1442 598 1752 654 quomodolibet
1769 603 1987 654 comestis,
2011 605 2283 658 confirmatis,
2311 610 2354 651 δε

1326 656 1528 698 innovatis
1542 686 1554 698 .
1580 658 1737 716 Qibus
1758 663 1941 703 omnibus
1959 665 1995 703 &
2012 663 2352 719 singulis,illorum

1333 723 1500 755 tenores
1519 717 1776 770 praesentibus
1804 732 1877 771 pro
1891 720 2007 774 plene
2031 724 2072 764 δε
2098 722 2347 768 sufficienter

1332 770 1519 834 expreffis
1546 775 1583 814 &
1610 771 1764 817 insertis
1794 775 2018 828 habentes,
2046 781 2127 822 illis
2150 782 2248 825 alias
2275 784 2350 826 ἰη.»

1333 833 1403 871 luo
1417 831 1566 874 robore
1586 834 1882 886 permansuris,
1907 835 1958 877 ad
1981 837 2262 891 praemifforum
2287 839 2353 883 ef-

1336 885 1510 939 fectum,
1547 891 1621 931 hac
1647 890 1738 934 vice
1772 890 1983 934 dumtaxat
2003 920 2016 942 ,
2047 895 2271 950 specialiter
2310 901 2352 941 &

1334 946 1518 1002 expresse
1542 947 1784 1004 derogamus
1807 977 1822 1001 ,
1856 951 2103 1008 caeterisque
2132 959 2350 999 contrariis

1333 1006 1670 1061 quibuscumque.
1704 1006 1903 1050 Volumus
1927 1019 2092 1062 autem,
2117 1014 2224 1067 quod
2252 1028 2353 1068 prae-

1332 1062 1450 1106 sentis
1471 1065 1754 1118 prohibitionis
1777 1067 2010 1123 exemplum
2030 1069 2072 1109 in
2097 1070 2235 1125 aliquo
2258 1072 2353 1114 loco

1331 1120 1504 1176 Hospitii
1519 1123 1762 1177 conspicuo,
1786 1125 1853 1166 ubi
1869 1127 1918 1167 ab
1934 1126 2117 1170 omnibus
2142 1130 2284 1181 cerni,
2312 1133 2352 1172 ὃς

1327 1180 1410 1236 legi
1430 1179 1546 1234 poffit
1561 1209 1576 1232 ,
1592 1180 1752 1225 affixum
1775 1181 1924 1226 affidue
1939 1196 2149 1228 remaneat
2167 1214 2179 1226 .

1388 1241 1539 1281 Datum
1555 1241 1691 1283 Romae
1706 1241 1808 1298 apud
1824 1244 1863 1284 S.
1876 1243 2046 1285 Mariam
2060 1241 2261 1300 Maiorem
2282 1247 2351 1288 sub

1329 1297 1494 1340 Annulo
1517 1297 1728 1341 Piscatoris
1750 1300 1817 1343 die
1833 1313 1920 1342 vu.
1945 1303 2049 1356 Aug.
2066 1316 2351 1347 MDCLxxxu.

1327 1355 1592 1400 Pontificatus
1607 1358 1743 1402 Nostri
1759 1361 1882 1402 Anno
1899 1358 2011 1402 sexto
2025 1389 2038 1401 .

1821 1497 1856 1537 1.
1871 1498 1923 1539 G.
1942 1496 2090 1540 Slufius
2104 1526 2117 1539 .

1380 1624 1440 1664 Ex
1454 1623 1574 1666 Arch.
1593 1628 1732 1665 secret.
1752 1629 1867 1670 Brev.
1886 1627 2018 1686 Apost.
2032 1629 2128 1682 Reg.
2150 1625 2269 1689 mens-⁹
2290 1628 2344 1679 &-

1436 1684 1532 1723 anni
1546 1680 1768 1742 praed-fol.
1788 1697 1854 1735 ¹7·
1881 1693 1883 1695 ’

1517 1975 1559 2016 D
1617 1975 1654 2016 E
1714 1977 1752 2018 C
1811 1977 1851 2019 R
1911 1978 1947 2020 E
2013 1979 2050 2020 T
2109 1982 2150 2022 Ο

1470 2121 1518 2172 S.
1546 2123 1749 2193 Congreg.
1777 2124 1913 2192 Epis?-
1951 2133 2006 2177 ἅθ’
2036 2128 2076 2180 R
2085 2131 2196 2200 egul-

1319 2282 1377 2329 In
1409 2281 1533 2328 Loco
1554 2279 1772 2329 Vistoriae
1787 2315 1803 2338 ‚
1820 2280 1968 2351 vulgo
2006 2282 2119 2332 della
2160 2283 2352 2335 Vittoria

1388 2363 1651 2415 nuncupato
1688 2355 1898 2400 Domum
1926 2353 2080 2421 erigi,
2118 2352 2344 2424 Episcopo

1391 2415 1681 2485 Syracusano
1711 2423 2020 2470 committitur
2038 2458 2049 2471 .

1406 2580 1511 2621 Acta
1540 2579 1819 2633 Congregatio
1855 2580 2269 2625 Eminentifl'imorum
2303 2597 2348 2625 ac

1421 2636 1862 2680 Reverendiffimorum
1885 2645 1926 2681 5.
1944 2642 1991 2680 R.
2007 2642 2052 2681 Ε.
2070 2642 2351 2683 Cardinalium

1325 2706 1468 2750 negot.
1483 2696 1522 2736 δι
1535 2693 1709 2738 consult.
1728 2696 1858 2751 Episc.
1874 2699 1914 2738 δε
1940 2699 2090 2753 Regul.
2117 2699 2322 2756 praepofita
2338 2726 2354 2751 ,

1325 2751 1484 2796 attenta
1500 2753 1700 2795 relatione
1714 2755 1902 2810 Episcopi
1920 2755 2155 2810 Syracusani
2170 2787 2185 2809 ,
2198 2761 2237 2801 &
2252 2758 2353 2800 stan-

1324 2822 1367 2854 te
1381 2808 1576 2853 consensu
1591 2812 1755 2853 Parochi
1769 2840 1782 2861 ,
1798 2811 2051 2870 aliorumque
2067 2816 2351 2872 Regularum,

1322 2869 1533 2913 referente
1561 2868 1878 2911 Eminentiffimo
1904 2873 2116 2929 Acciajolo
2142 2903 2156 2925 ‚
2196 2875 2353 2917 censuit

1321 2926 1665 2971 committendum
1685 2954 1699 2976 ‚
1732 2939 1847 2981 prout
1872 2929 2077 2984 praesentis
2098 2932 2265 2975 Decreti
2291 2932 2351 2972 vi-

1322 2999 1424 3042 gore
1446 2984 1617 3036 benigne
1638 2985 1856 3027 committit
1874 2986 2007 3029 eidem
2042 2988 2243 3043 Episcopo
2257 3019 2272 3040 ,
2305 2997 2351 3030 ut

1323 3043 1424 3087 veris
1445 3042 1706 3085 existentibus
1729 3045 1899 3087 narratis
1914 3072 1928 3094 ‚
1957 3047 1996 3085 &
2012 3074 2026 3096 ‚
2050 3047 2256 3101 postquam
2280 3047 2350 3088 fibi

1319 3101 1544 3144 constiterit
1558 3127 1573 3151 ,
1598 3100 1793 3143 fabricam
1809 3102 1981 3157 praedieti
1997 3103 2238 3147 Conventus
2256 3118 2351 3147 cum

1324 3158 1502 3204 Ecclesia
1515 3185 1529 3209 ‚
1545 3158 1789 3212 campanili,
1809 3161 1961 3208 choro,
1989 3160 2208 3204 refectorio
2221 3190 2234 3211 ‚
2251 3164 2350 3205 dor-

1316 3219 1482 3259 mitorio
1495 3243 1508 3264 ·,
1542 3218 1669 3258 hortis
1696 3218 1731 3257 &
1762 3218 1896 3271 spatiis
1910 3244 1924 3265 ,
1958 3219 2135 3262 numeris
2163 3222 2349 3264 omnibus

1318 3272 1396 3317 elie
1413 3274 1637 3317 absolutam
1652 3301 1666 3323 ³
1681 3276 1720 3315 ὅτ,
1735 3274 1967 3329 ΓυρεΙΙεέὶίΙὶ
1982 3286 2061 3319 tam
2077 3276 2206 3330 sacra,
2223 3284 2347 3335 quam

1320 3335 1522 3389 prophana
1541 3333 1784 3375 sufficienter
1801 3333 2044 3386 instruffilam,
2064 3350 2137 3379 nec
2151 3352 2229 3379 non
2246 3339 2348 3380 duo·

1318 3392 1453 3433 decim
1481 3390 1705 3445 hujusmodi
1736 3391 1961 3446 Religiosos
1993 3407 2042 3435 ex
2074 3394 2347 3452 eleemosynis

1319 3446 1792 3504 piorumssenefat‘torum
1805 3451 2018 3493 commode
2033 3451 2243 3497 sustentari
2260 3454 2347 3509 pos-

1320 3509 1360 3550 se
1375 3537 1389 3559 ,
1413 3507 1462 3549 ad
1479 3508 1648 3560 petitam
1662 3507 1901 3551 Conventus
1916 3510 2167 3554 erectionem
2183 3542 2198 3563 ,
2214 3517 2253 3556 &
2267 3514 2347 3555 Re-

1320 3566 1549 3622 ligiosorum
1566 3563 1910 3610 introduen'onem
1926 3583 2001 3623 pro
2014 3570 2081 3611 suo
2096 3571 2264 3614 arbitrio
2278 3598 2291 3620 2
2307 3574 2345 3612 &

1316 3623 1561 3667 conscientia
1573 3621 1725 3665 ser.ser.
1741 3626 1938 3677 procedat
1953 3641 1968 3679 3
1984 3628 2035 3670 ita
2052 3638 2186 3670 tamen
2205 3657 2219 3679 ‚
2244 3642 2288 3672 ut
2306 3630 2346 3670 in

1315 3682 1479 3736 reliquis
1490 3695 1537 3723 ea
1555 3681 1703 3731 omnia,
1716 3695 1800 3736 quae
1811 3699 1884 3740 per
1898 3689 2179 3736 SS-Canones,
2197 3691 2346 3729 S.Con.

1317 3742 1384 3784 cil.
1405 3739 1519 3783 Trid.
1534 3768 1548 3790 ‚
1574 3739 1895 3786 Constitutiones
1911 3744 2160 3800 Apostolicas
2174 3773 2188 3795 ,
2211 3747 2250 3785 &
2263 3749 2347 3786 Or-

1313 3799 1418 3843 dinis
1435 3798 1737 3856 praedieti,circa
1754 3800 1978 3858 hujusmodi
1997 3816 2192 3846 novorum
2211 3805 2347 3857 Regu-

2129 3860 2275 3901 larium
