2618 4108
337 356 454 407 nibus
483 383 497 405 ‚
526 354 565 399 ὃς
591 358 661 405 pet·
695 347 825 394 omnia
852 341 1074 400 pleniffima
1109 343 1344 398 suffragari3

336 415 473 471 ficque
499 412 539 457 in
567 403 765 464 praemissis
792 417 865 460 per
894 401 1166 463 quoscumque
1179 400 1345 457 Judicea

331 468 561 518 ordinarios
570 468 587 517 ’,
602 468 641 514 &t
660 463 874 519 delegatos
887 464 1032 513 ,etiam
1051 458 1251 506 caularum
1266 460 1343 501 Pa-

330 527 418 578 latii
448 523 668 586 Apostolici
689 523 944 572 Auditores,
972 518 1174 577 judicari,
1203 518 1244 565 δι
1266 516 1343 559 de-

324 583 431 634 finiti
459 582 645 634 debere3
675 589 720 627 ac
745 580 902 628 irritum
921 605 934 631 ,
963 580 1135 626 &inane
1151 575 1206 634 ‚si
1234 577 1346 618 secus

324 641 442 697 super
479 639 537 688 his
580 640 605 689 a
632 639 843 699 'quoquam
872 638 1012 694 quavis
1046 636 1345 698 auctoritates·

326 698 502 747 scienter
535 696 603 747 vel
631 697 863 753 ignoranter
890 697 1112 751 contigerit
1134 703 1343 737 attentari.

325 759 422 806 Non
445 755 694 805 obstantibus
722 754 1068 799 constitutionibus
1085 781 1099 803 ,
1129 750 1343 793 &ordina-

329 813 508 863 tionibus
536 816 570 859 Α
579 813 782 871 postolicis
798 837 813 863 ‚
837 825 882 853 ac
901 837 913 864 ,
937 822 1134 867 quatenus
1156 818 1256 864 opus
1271 806 1314 848 fit
1329 831 1344 860 2

327 872 631 924 Provincias&
645 871 808 918 Ordinis
828 870 1047 927 huJusmodi
1061 894 1075 921 ,
1099 868 1223 910 etiam
1238 865 1343 930 jura-

327 939 468 979 mento
481 957 494 985 ,
507 929 814 978 confirmatione
829 928 1057 983 Apostolica
1073 953 1088 976 ‚
1118 924 1184 967 vel
1200 935 1340 977 quavis

330 989 522 1040 firmitate
537 988 613 1037 alia
631 988 829 1036 roboratis
853 987 1006 1028 statutis
1021 1013 1036 1037 ,
1065 986 1103 1026 8<
1129 981 1339 1030 consuetu·

333 1047 519 1097 dinibus,
551 1047 773 1103 privilegiis
797 1056 957 1103 quoque
981 1043 1175 1093 indultis,
1204 1042 1245 1083 &
1273 1039 1341 1081 lit-

333 1106 434 1156 teris
452 1105 689 1158 Apostolicis
714 1106 752 1152 in
784 1104 1035 1153 contrarium
1064 1097 1340 1157 praemissorum

328 1162 634 1221 quomodolibet
662 1160 852 1209 conceffis
866 1186 882 1212 ,
912 1158 1158 1208 confirmatis
1176 1187 1190 1210 ,
1219 1159 1259 1199 δι
1281 1158 1342 1199 in·-

328 1220 487 1272 novatis
503 1249 513 1260 .
545 1218 703 1280 Qibus
727 1221 944 1271 omnibus,
973 1221 1012 1260 δι
1028 1217 1215 1273 lingulis,
1246 1215 1342 1258 illo-

331 1288 425 1330 rum
448 1279 614 1320 tenores
641 1277 894 1332 praesentibus
916 1288 990 1331 pro
1003 1276 1122 1331 plene
1140 1303 1154 1326 ‚
1184 1277 1224 1316 &
1240 1272 1344 1315 suffi-

331 1339 490 1383 cienter
513 1335 728 1390 expreffis,
758 1349 802 1376 ac
832 1334 885 1377 de
914 1335 1039 1381 verbo
1062 1334 1109 1376 ad
1136 1335 1345 1376 verbum.»

327 1387 487 1439 insertis
514 1393 726 1443 habentes,
741 1392 821 1440 illis
835 1392 934 1438 alias
947 1393 984 1434 in
1004 1393 1072 1433 suo
1089 1392 1235 1436 robore
1249 1403 1343 1446 per·

328 1449 519 1500 mansuris
534 1475 549 1500 2
565 1450 615 1498 ad
636 1448 917 1505 praemissorum
944 1446 1127 1499 effectum
1154 1451 1228 1492 hac
1252 1451 1343 1491 vice

325 1512 532 1560 dumtaxat
550 1507 778 1565 specialiter
793 1533 808 1556 ⁵
836 1511 877 1552 δι
890 1508 1075 1564 expresse
1087 1508 1343 1565 derogamu3‚

325 1567 557 1624 exterisque
578 1568 793 1615 contrariis
814 1568 1112 1624 quibuscunque
1128 1594 1140 1609 .

385 1630 537 1670 Datum
553 1626 690 1668 Romae
703 1625 809 1681 apud
825 1627 1042 1670 S-Mariam
1060 1626 1259 1680 Maiorem
1274 1623 1342 1667 sub

327 1684 494 1738 Annulo
511 1682 720 1727 Piscatoris
737 1683 804 1728 die
826 1694 919 1733 xix.
935 1684 1102 1739 Augusti
1126 1695 1340 1727 moetxxi.

326 1741 589 1789 Pontificatus
605 1743 740 1786 Nostri
756 1747 872 1791 Anno
887 1742 1066 1794 secundo
1079 1768 1093 1782 .

381 1864 443 1904 Εκ
461 1857 628 1904 Archtvo
649 1860 830 1907 Vaticano
851 1861 1004 1902 secreto
1027 1858 1241 1918 Miscellan.
1265 1862 1341 1904 Di-

436 1920 537 1979 verss
548 1917 821 1977 Breviumsok
833 1919 889 1966 26
894 1920 931 1962 8.
948 1923 1062 1963 Arm.
1074 1930 1145 1975 43.

324 2164 702 2223 constitutionem
744 2164 801 2216 de
835 2164 1129 2237 abrogatione
1169 2162 1343 2224 Discre-

391 2251 550 2287 torum
574 2235 633 2294 ad
657 2238 943 2290 Provinciam
971 2236 1173 2293 extendit
1188 2272 1201 2287 .

319 2377 950 2436 tNNOGENTIUs
997 2378 1179 2435 PAPA
1215 2384 1338 2438 ΧΙΙ,

521 2503 588 2549 Ad
598 2501 791 2561 suturam
808 2505 869 2547 rei
890 2503 1134 2552 memoriam.

445 2619 536 2666 Lias
552 2633 625 2675 pro
639 2627 754 2673 parte
786 2619 995 2662 cbariffimi
1011 2621 1052 2669 in
1068 2622 1229 2665 Christo
1244 2625 1334 2670 Filii

475 2678 613 2724 Nostri
638 2677 776 2725 Caroli
806 2678 1083 2733 Hispaniarum
1102 2681 1225 2737 Regis
1249 2687 1332 2725 Ca-

325 2732 469 2782 tholici
491 2735 620 2778 Nobis
642 2735 849 2789 expofito,
881 2736 989 2791 quod
1026 2747 1105 2779 tam
1137 2740 1333 2785 Praedica-

319 2800 453 2833 torum
478 2816 492 2843 ,
534 2795 574 2834 &
605 2793 803 2836 Minorum
833 2796 962 2838 Sancti
989 2797 1188 2846 Francisci
1225 2800 1331 2845 de„

320 2849 584 2902 Observantia
608 2862 927 2906 nuncupatorum
943 2882 956 2904 ‚
985 2854 1102 2910 quam
1129 2857 1327 2902 aliorum„

319 2908 566 2959 diversorum
607 2910 807 2951 Ordinum
848 2914 1009 2958 Fratres]
1036 2939 1054 2963 ,
1095 2915 1135 2956 in
1180 2918 1331 2971 Regnis

318 2965 524 3022 utriusque
548 2967 731 3010 Castellae
755 2967 996 3020 existentes,
1019 2970 1083 3017 sua
1106 2975 1329 3029 capitula-2

317 3025 587 3074 Provincialia
610 3039 700 3068 cum
718 3028 955 3072 interventu
971 3030 1231 3083 superiorum
1250 3036 1330 3076 Lo-

324 3082 469 3128 calium
485 3086 773 3134 conventuum
789 3087 990 3131 ordinum
1005 3086 1225 3141 hujusmodi
1240 3090 1325 3134 abs-

318 3152 396 3192 que
416 3139 605 3184 Discretis
625 3167 638 3194 ⁵
665 3143 728 3184 seu
747 3145 869 3185 Sociis
889 3171 903 3192 ,
933 3147 998 3202 qui
1030 3147 1126 3194 olim
1157 3153 1204 3192 ab
1236 3149 1323 3205 ipfis

322 3198 599 3263 ‘Con-ventibus
613 3201 662 3242 ad
678 3199 861 3244 effectum
885 3201 949 3247 sua
964 3203 1139 3259 suffragia
1163 3204 1323 3254 ferendi

322 3267 362 3294 m
383 3253 530 3295 eisdem
543 3259 755 3312 Capitulis,
771 3262 864 3315 eligi
881 3261 1195 3313 consueverant,
1226 3276 1321 3309 tunc

321 3310 528 3359 celebrare
543 3315 718 3360 solebant
733 3330 746 3369 ς,
761 3319 801 3359 id
820 3319 1010 3375 siquidem
1023 3347 1036 3370 ,
1059 3332 1322 3380 praeterquam

323 3366 432 3421 quod
464 3370 650 3434 Decretis
682 3376 855 3424 Concilii
887 3377 1115 3422 Tridentini
1134 3383 1231 3439 stffi
1253 3395 1320 3432 25,

321 3434 401 3478 ἔαρ.
414 3425 456 3465 6.
475 3426 525 3467 ibi
539 3450 572 3459 ··
588 3433 674 3472 Nee
690 3431 944 3487 imposterum
959 3435 1076 3480 liceat
1090 3441 1321 3484 Provincia-

318 3481 379 3531 les
392 3509 406 3530 a
421 3491 488 3548 aut
503 3485 699 3539 Abbates,
711 3491 866 3535 Priores
881 3519 896 3543 5
921 3505 988 3537 aut
1002 3495 1100 3545 alios
1115 3489 1319 3553 quoscum·

318 3554 397 3595 que
413 3541 616 3607 'rnulares
636 3545 686 3586 ad
710 3546 889 3592 effectum
903 3553 1108 3598 electionis
1131 3555 1319 3601 faciendae

317 3597 560 3664 constituere
584 3601 663 3641 ἃς.
695 3606 814 3660 magis
843 3607 1050 3654 conforme
1083 3604 1321 3665 videbatur3

317 3654 577 3707 neceffarium
596 3673 755 3712 quoque
771 3677 1020 3719 compertum
1043 3669 1172 3714 fixerat
1189 3701 1203 3724 ‚
1232 3667 1321 3717 tum

316 3717 363 3757 ad
391 3714 572 3756 tollenda
598 3715 739 3780 damna
755 3746 769 3768 ,
793 3723 832 3762 δι
858 3724 1101 3772 incommoda
1119 3758 1135 3781 ,
1164 3746 1248 3787 quae
1266 3746 1318 3775 ex

317 3772 550 3821 eorumdem
570 3771 840 3822 Discretorum
855 3805 869 3829 ,
900 3782 965 3824 seu
989 3787 1199 3837 Sociorum
1228 3780 1317 3834 elemu

1100 226 1637 321 Provincia

1409 348 1540 386 ctione
1559 345 1597 384 in
1608 338 1825 394 Religiosae
1836 337 1944 396 pacis
1957 364 1974 392 2
1995 342 2034 383 δι
2054 343 2281 388 concordiae
2295 371 2311 394 ,
2342 357 2428 399 qua:

1405 405 1443 445 in
1465 400 1691 443 Ordinibus
1717 397 1891 453 praesatis
1915 398 2071 455 semper
2099 402 2246 445 florere
2270 402 2396 444 debet
2411 430 2429 455 2

1402 458 1672 516 praejudicium
1688 457 1987 513 proveniebant
1999 484 2014 507 ,
2029 469 2114 502 tum
2129 458 2180 501 ad
2194 459 2425 516 impedien-

1400 519 1470 559 das
1487 517 1757 562 relaxationes
1774 542 1790 570 2
1815 530 1913 573 quas
1934 516 2207 572 dependentia
2219 543 2235 567 ‚
2265 531 2424 574 quam-a

1403 586 1500 618 tunc
1514 575 1752 630 Superiores
1767 577 1792 620 a
1803 573 1883 622 suia
1897 575 2067 619 subditis
2081 576 2284 619 habebant
2296 600 2312 627 ,
2333 589 2427 632 pro-

1400 633 1602 681 ducebat:
1625 634 1698 688 lpfi
1715 633 1826 676 enim
1841 632 2081 693 Superiores
2095 662 2111 687 ,
2135 643 2180 677 ut
2196 634 2323 677 dieto:
2337 635 2425 678 suos

1404 691 1583 735 subditos
1610 705 1686 747 pro
1705 693 1751 734 iis
1770 692 1811 734 in
1837 691 2078 748 Discretos‚
2104 693 2171 736 seu
2187 693 2326 737 Socios
2349 692 2424 734 hu-

1401 748 1572 808 jusmodi
1600 749 1829 806 eligendis,
1854 763 1951 807 quos
1968 778 1983 802 ,
2009 752 2059 794 ad
2081 751 2267 795 effectum
2293 749 2333 794 se
2351 750 2423 795 itt-2

1402 819 1604 909 ἓέἔὲξὲῗο
1619 807 2426 922 {5331‘2255352235‘032insistit?

1404 911 1406 913 .
1541 911 1543 914 .
1580 894 1595 916 a
2007 895 2021 917 a
2401 889 2424 903 ““

1403 934 1520 976 rent,
1538 924 1734 979 regularis
1749 924 1963 982 disciplinae
1974 927 2284 980 conservationi,
2302 937 2423 983 prout

1402 996 1542 1031 eorum
1570 980 1690 1026 officii
1717 993 1804 1030 erat
1822 1011 1839 1035 ,
1866 984 2101 1028 incumbere
2133 985 2394 1041 negligebant
2409 1014 2424 1027 .

1399 1043 1606 1098 roirca
1620 1068 1635 1093 ‚
1664 1042 1822 1097 quoties
1835 1042 2031 1086 dictorum
2047 1046 2280 1098 Regnorum
2299 1043 2421 1087 Reli-

1400 1100 1492 1157 gioii
1509 1129 1521 1152 ,
1537 1099 1755 1155 Regularis
1774 1099 2001 1156 Disciplinae
2026 1101 2251 1158 hujussnodi
2265 1095 2425 1146 tuende

1402 1159 1496 1207 zelo
1512 1157 1619 1200 duc'ti
1630 1187 1645 1209 ‚
1655 1158 1705 1200 ad
1721 1160 1838 1215 ipsius
1849 1160 1992 1205 Caroli
2008 1162 2135 1217 Regis
2148 1160 2425 1205 Patrocinium

1401 1230 1476 1276 pro
1495 1216 1728 1266 eorundem
1742 1217 2024 1262 Discretorum
2038 1245 2055 1270 ,
2077 1220 2144 1262 seu
2174 1220 2424 1262 Sociorum„

1402 1275 1667 1331 abrogatione
1681 1275 1732 1318 ab
1746 1279 1818 1321 hac
1834 1279 1873 1320 S.
1886 1276 1992 1321 Sede
2008 1277 2265 1334 impetranda
2277 1275 2427 1321 cousu-

1403 1335 1544 1390 gerant
1554 1359 1571 1382 a
1592 1333 1697 1381 illud
1713 1334 1875 1391 semper
1888 1334 1950 1378 eis
1963 1333 2154 1380 adfuerat
2167 1364 2183 1389 ,
2196 1337 2330 1380 donec
2345 1335 2423 1379 hu-

1401 1390 1569 1453 jusmodi
1599 1392 1769 1447 gratiam
1796 1391 2005 1437 consecuti
2031 1392 2189 1438 fuissent
2215 1423 2228 1437 .
2259 1396 2315 1450 Et
2341 1394 2418 1437 iit-2

1402 1449 1544 1494 eadem
1558 1448 1809 1506 expositione
1823 1450 2027 1508 subiunc}o
2040 1480 2056 1503 ,
2072 1452 2180 1509 quod
2192 1442 2321 1501 distas
2333 1452 2418 1495 Ca-

1402 1509 1513 1552 rolus
1532 1511 1622 1552 Rex
1639 1511 1792 1551 certior
1807 1509 1930 1555 ,faetus
1945 1508 2095 1562 fuerat,
2111 1513 2270 1554 Fratres
2291 1512 2419 1555 Ordi-

1403 1569 1461 1610 nis
1484 1568 1690 1614 Minoi-um
1704 1565 1886 1625 ejusdem
1902 1572 1943 1612 S.
1956 1569 2154 1612 Francisci
2182 1571 2419 1624 Capucino-

1402 1638 1489 1670 rum
1505 1635 1826 1682 nuncupatorum
1840 1627 1881 1669 in
1895 1628 2048 1684 Regnis
2060 1626 2231 1683 praefatis
2245 1628 2419 1672 existen·

1402 1695 1463 1733 tes
1478 1698 1555 1726 non
1573 1684 1696 1727 modo
1711 1684 1856 1727 eadem
1880 1685 2135 1729 incommoda
2152 1712 2167 1736 ‚
2189 1688 2230 1729 δι
2243 1686 2390 1730 damna
2403 1712 2421 1739 0

1400 1756 1483 1801 quae
1505 1742 1602 1785 olim
1620 1741 1812 1799 Religiofi
1829 1744 1999 1788 aliorum
2013 1744 2211 1788 ordinum
2236 1742 2422 1801 prafun-

1401 1815 1488 1845 rum
1502 1812 1552 1844 ex
1575 1800 1773 1845 electione
1790 1803 2064 1846 Discretorum
2077 1830 2093 1855 ,
2116 1803 2183 1847 seu
2206 1804 2417 1847 Sociorum

1401 1859 1626 1917 hujusmodi
1643 1861 1800 1916 experti
1816 1859 1973 1904 fuerant
1986 1887 2002 1910 a
2027 1862 2137 1916 pati,
2163 1860 2230 1904 sed
2250 1863 2290 1905 δι
2307 1861 2418 1906 alit,

1402 1920 1527 1963 multa
1554 1932 1801 1962 concurrere
1813 1946 1829 1971 ,
1857 1930 2024 1976 propter
2037 1932 2122 1975 quae
2141 1921 2303 1964 fratres
2314 1933 2419 1976 prat·

1399 1978 1494 2021 dini
1512 1977 1621 2021 usum
1636 1977 1814 2033 eligendi
1830 1977 2036 2022 Discretos
2050 2007 2064 2029 ,
2078 1975 2146 2022 seu
2161 1979 2301 2023 Socios
2316 1992 2418 2036 prc-

1399 2035 1504 2083 fatos
1524 2037 1563 2079 in
1582 2037 1803 2079 Provinciis
1816 2036 2014 2080 dictorum
2033 2039 2276 2093 Regnorum
2287 2038 2413 2082 abro-

1401 2096 1485 2152 gari
1540 2094 1728 2138 lurimum
1754 2096 2062 2147 defiderabant,
2083 2096 2268 2154 adeoque
2296 2097 2412 2151 ipfiua

1399 2159 1508 2203 Caro
1530 2155 1540 2196 i
1559 2155 1683 2209 Regis
1697 2153 1830 2201 zelum
1851 2154 2117 2197 sollicitabant
2132 2183 2147 2206 ‚
2172 2164 2216 2198 ut
2241 2155 2415 2210 Aposto-

1400 2213 1485 2256 licae
1506 2211 1679 2268 desuper-
1694 2214 1944 2256 auctoritatis·
1961 2212 2113 2257 Nostrae
2132 2225 2267 2270 partes
2283 2215 2410 2256 inter-

1399 2273 1493 2327 poni
1508 2270 1688 2318 similiter
1708 2282 1898 2314 curaret:

1457 2334 1542 2373 Nos
1558 2331 1903 2386 supplicationibus
1919 2325 2095 2388 eiusdem
2121 2330 2265 2374 Caroli
2282 2330 2407 2387 Regis

1398 2390 1561 2436 nomine
1586 2392 1711 2432 Nobis
1731 2387 1849 2444 super
1873 2391 1949 2431 hoc
1975 2387 2184 2432 humiliter
2214 2391 2408 2446 porrectis

1395 2446 1592 2499 inclinati,
1609 2447 1810 2490 Discretos
1825 2448 2003 2504 praefatos
2020 2449 2056 2489 in
2070 2448 2410 2491 Provinciisutri-

1396 2505 1519 2562 usque
1536 2506 1720 2552 Castellae
1747 2509 1928 2549 Fratrum
1943 2508 2038 2548 dieti
2053 2506 2215 2549 Ordinis
2231 2508 2408 2561 Capuci-

1393 2579 1537 2613 norum
1554 2563 1624 2607 sub
1636 2565 1759 2608 certis
1773 2565 1894 2607 modo
1905 2593 1920 2616 ,
1946 2566 1981 2606 &
1998 2563 2121 2607 forma
2137 2575 2231 2608 tunc
2244 2565 2408 2620 expres-

1393 2623 1440 2666 fis
1456 2652 1472 2675 ,
1500 2624 1749 2666 authoritate
1763 2624 1989 2679 Apostolica
2009 2623 2228 2667 sustulimus
2243 2651 2258 2672 ‚
2284 2625 2324 2665 δι
2336 2638 2406 2666 re-

1393 2683 1590 2731 movimus
1606 2710 1620 2733 ,
1650 2683 1688 2730 &
1710 2681 1833 2734 alias,
1864 2693 1980 2737 prout
2004 2683 2043 2724 in
2061 2683 2199 2725 nostris
2225 2683 2263 2724 in
2290 2682 2404 2726 simili

1393 2740 1519 2784 forma
1534 2741 1675 2786 Brovis
1692 2741 1758 2782 die
1775 2753 1842 2797 29.
1859 2740 1995 2783 Martii
2015 2740 2317 2797 1693.desuper
2331 2755 2406 2784 ex-

1389 2801 1534 2856 peditis
1552 2799 1700 2842 litteris
1726 2798 1879 2855 plenius
1898 2800 2133 2843 continetur
2147 2827 2159 2841 .
2190 2799 2405 2844 Subinde.»

1389 2861 1490 2903 vero
1512 2872 1586 2915 pro
1609 2870 1726 2914 parte
1750 2857 1928 2915 ejusdem
1950 2858 2090 2901 Caroli
2119 2857 2242 2913 Regis
2269 2859 2396 2900 Nobis

1389 2918 1536 2960 iterum
1559 2916 1765 2971 exposito,
1790 2916 1895 2972 quod
1919 2917 1955 2958 in
1971 2914 2139 2970 praesatis
2156 2915 2311 2960 Nostris
2331 2916 2402 2958 lit-

1391 2977 1487 3019 teris
1505 2976 1626 3019 trium
1643 2975 1943 3016 provinciarum
1966 2975 2206 3028 Regnorum
2231 2973 2400 3028 utriustss

1390 3034 1574 3077 Castellae
1592 3035 1741 3075 veteris
1755 3034 1792 3072 &
1812 3045 1919 3073 novae
1940 3042 2176 3086 nuncupatae
2190 3059 2204 3082 ‚
2230 3047 2304 3076 nec
2318 3047 2399 3075 non

1389 3092 1562 3141 Bethicae
1574 3119 1588 3140 ‚
1615 3093 1655 3133 &
1668 3094 1854 3133 Navarrae
1869 3090 2173 3133 Provinciarum
2187 3091 2364 3133 distincta
2379 3121 2396 3143 ‚

1385 3153 1424 3192 δι
1449 3146 1623 3206 expressa
1651 3147 1804 3190 mentio
1835 3145 1933 3189 faSta
1959 3161 2037 3190 non
2061 3146 2191 3192 fuerat
2223 3178 2236 3201 ,
2265 3149 2394 3205 quim

1385 3210 1465 3251 imo
1480 3221 1554 3250 nec
1584 3208 1624 3249 in
1653 3205 1802 3249 eisdem
1824 3205 1970 3248 litteris
2006 3208 2207 3261 provisum
2232 3204 2396 3258 fuerat,

1383 3265 1489 3323 quod
1517 3267 1609 3309 loco
1638 3263 1952 3321 supradictorum
1980 3264 2258 3308 Discretorum
2280 3269 2394 3307 Con·

1385 3324 1659 3375 ventualium,
1692 3323 2085 3377 ficutpraemittitur‚
2117 3317 2364 3366 sublatorum
2381 3352 2395 3365 .

1380 3385 1418 3433 ᾃ
1436 3393 1685 3425 remotorum
1700 3396 1774 3438 pro
1799 3391 1984 3434 tempore
1997 3383 2209 3424 existentes
2230 3395 2395 3424 earum-

1379 3441 1475 3483 dem
1491 3441 1789 3489 Provinciarum
1805 3440 2057 3482 Diffinitores
2071 3467 2085 3490 ‚
2110 3442 2150 3481 δι
2164 3440 2362 3483 Custodes
2375 3468 2391 3492 ,

1381 3513 1454 3543 nec
1472 3513 1549 3541 non
1568 3501 1599 3541 is
1619 3498 1757 3543 saltem
1771 3527 1787 3549 ,
1816 3499 1884 3554 qui
1899 3497 2102 3544 noviffime
2126 3499 2165 3540 in
2189 3498 2270 3540 illis
2289 3501 2390 3542 Pro-

1379 3556 1614 3606 vincialatsss
1637 3557 1770 3600 officio
1784 3556 2000 3612 respective
2014 3553 2169 3599 functus
2185 3554 2335 3607 suerat,
2350 3556 2389 3599 in

1381 3629 1521 3659 earum
1539 3615 1788 3659 Definitoriis
1801 3642 1817 3664 ,
1843 3616 1884 3655 δι
1903 3614 2106 3670 Capitulis
2123 3616 2389 3658 Provinciali·

1380 3675 1452 3722 bus
1469 3684 1605 3717 votum
1619 3701 1635 3726 ,
1661 3673 1726 3716 seu
1748 3672 1971 3727 suffragium
1994 3672 2212 3729 respodive
2234 3675 2385 3718 habere

1378 3732 1579 3776 deberent
1596 3758 1612 3780 ,
1636 3731 1971 3788 quemadmodum
1996 3731 2077 3787 ipse
2103 3732 2277 3775 Carolus
2295 3734 2385 3776 Rex

1375 3805 1454 3847 pro
1466 3791 1662 3848 peculiari
1684 3792 1753 3834 suo
1770 3793 1812 3833 in
1825 3790 2022 3839 Ordinem
2040 3791 2244 3849 praesatum
2261 3793 2385 3834 devo-

2211 3860 2329 3892 tionis
