2716 4082
396 302 558 390 x‘liv
590 334 613 388 τ

397 424 596 490 pretium
615 423 659 469 in
681 418 930 471 subsidium
946 416 1154 466 Fabricae
1174 419 1218 467 in
1246 418 1338 467 alio
1360 420 1428 467 lo-

397 510 453 540 co
485 493 706 561 erigendae
739 489 949 540 converti
993 487 1205 541 concedit
1228 524 1241 538 .
1275 488 1423 543 Urba-

397 580 472 610 nus
501 561 625 613 VIII.
1358 559 1423 613 ibi

459 639 658 685 Decreto
691 637 794 683 Sao.
823 634 1115 701 congregat.
1138 629 1351 700 Episcop.
1370 630 1421 685 δε

390 709 561 774 Regul.
582 703 873 754 Ereffionem
891 718 1019 754 novae
1038 701 1219 754 Domfis
1241 704 1286 751 in
1303 705 1418 754 Ter-

390 793 439 823 ra
468 775 665 824 Radiani
704 775 729 824 a
760 776 847 827 ΡΡ.
878 771 1166 829 Reformatis
1200 773 1417 842 impediri

388 862 477 893 non
501 843 622 913 posse
653 842 856 897 sancitur
874 881 886 894 .
925 862 1014 895 cum
1039 862 1137 896 nota
1155 883 1169 896 .
1314 864 1416 907 209

453 918 677 983 Emptum
708 932 794 985 pro
825 913 997 967 fabrica
1024 916 1211 974 -Domfis
1239 917 1416 970 Civita-

383 988 440 1036 tis
468 987 650 1054 Aquilae
669 1001 802 1038 tetrae
830 988 1005 1054 petium
1030 988 1168 1039 vendi
1190 1022 1207 1045 ,
1244 987 1293 1039 ὅ(
1313 1005 1415 1056 pre-

382 1059 501 1107 tium
529 1060 575 1107 in
602 1057 886 1111 neceffitates
917 1060 1027 1109 alias
1070 1060 1202 1111 dielae
1236 1057 1414 1113 Domt‘is

384 1130 592 1180 converti
613 1128 822 1199 indulget
844 1166 855 1179 .
897 1129 1108 1184 Urbanus
1133 1127 1266 1183 VIII.
1311 1145 1411 1180 κιο

450 1204 652 1251 Decreto
688 1204 817 1251 Sacr.
845 1204 1087 1272 Congreg.
1122 1199 1336 1271 Episcop.
1364 1199 1415 1253 ὅ(

386 1273 562 1340 Regul.
596 1270 819 1323 Venditio
864 1273 991 1328 Sitifis
1031 1276 1201 1329 veteris
1231 1271 1413 1327 Domt'is

387 1340 555 1392 ibidem
589 1343 888 1395 conceditur.
930 1362 1019 1394 cum
1045 1362 1175 1395 nota.
1352 1344 1417 1395 ibi

395 1436 398 1451 :
451 1410 650 1480 Epistola
693 1417 793 1462 Sac.
836 1418 1076 1485 Congreg.
1119 1412 1332 1484 Episcop.
1363 1414 1414 1471 <Sc

380 1483 554 1550 Regul.
579 1480 796 1535 Vifiratio
827 1487 913 1534 SS.
936 1487 1220 1538 Sacramenti
1245 1485 1337 1535 ὅτε.
1366 1488 1412 1536 in

382 1551 583 1604 Ecclesia
612 1553 884 1605 Conventfis
918 1555 1150 1607 Mentorii
1192 1554 1248 1608 ab
1281 1553 1414 1624 Epis-

383 1642 501 1692 copo
533 1620 651 1673 faRa
684 1624 981 1691 reprobatur.
1019 1644 1107 1675 cum
1126 1640 1255 1676 nota.
1313 1643 1408 1679 212

452 1699 656 1745 Decreto
684 1699 811 1744 Sacr.
842 1699 1082 1766 Congreg.
1112 1696 1244 1765 super
1276 1699 1411 1750 Statu

383 1767 604 1832 Regular.
633 1770 843 1816 Domum
875 1767 1133 1836 &josephi
1163 1782 1291 1819 extra
1311 1784 1419 1819 mu·

383 1854 459 1887 ros
479 1838 695 1889 Civitatis
714 1839 894 1905 Aquilae
925 1837 1198 1908 suppressam
1212 1874 1229 1898 ,
1244 1837 1302 1888 ad
1323 1840 1412 1905 pri-

382 1922 585 1958 maevum
618 1906 785 1963 statum
818 1907 1006 1968 reduci,
1043 1908 1270 1980 Episcopo
1294 1909 1415 1964 Loci¹

384 1993 694 2031 comnmttztur
711 2015 724 2032 .
760 1997 848 2028 cum
872 1996 970 2030 nota
987 2016 999 2030 .
1305 1995 1330 2029 2
1346 1999 1364 2033 ι
1375 1998 1400 2043 3

397 2073 405 2082 ·-
453 2055 663 2101 Domum
682 2052 729 2098 in
756 2052 903 2104 Terra
921 2052 1226 2121 Cermigliani
1242 2049 1299 2102 ab
1319 2055 1408 2102 Eu·

382 2119 553 2172 stachio
581 2121 775 2174 Sterlich
808 2122 1023 2190 Toparca
1050 2121 1141 2173 ἃς.
1173 2124 1320 2189 erigi,
1340 2121 1407 2178 n&

380 2190 618 2243 Fratribus
633 2189 888 2265 confignari
905 2228 922 2252 ,
934 2191 1160 2263 Episcopo
1175 2194 1265 2246 loci
1283 2211 1405 2244 com-

378 2263 526 2312 mittit
543 2297 557 2310 .
595 2279 682 2310 cum
714 2279 811 2311 nota
830 2299 842 2315 .
982 2264 985 2266 ’
1105 2265 1108 2267 ’
1303 2282 1400 2328 215

453 2338 654 2385 Decreto
688 2336 1212 2404 S.Congreg.Concilii
1243 2337 1404 2390 Unam

381 2422 436 2454 ex
464 2402 611 2456 tribus
632 2401 936 2457 mansionibus
963 2404 1171 2460 Ecclcfiae
1189 2411 1406 2461 Conven-

382 2490 454 2525 tus
474 2475 584 2529 Loci
615 2477 794 2524 Aveani
812 2510 828 2533 ‚
864 2475 1015 2545 vulgo
1044 2478 1285 2535 Avezzano
1302 2478 1407 2535 ,ad-

373 2544 627 2610 jacentibus
663 2561 748 2611 pro
792 2544 1071 2614 hospitandis
1103 2549 1409 2602 Saecularibus

384 2614 727 2669 accommodari
747 2617 1018 2672 conceditur
1037 2655 1050 2674 .
1066 2638 1154 2668 cum
1170 2636 1281 2674 nota.
1302 2639 1327 2669 2
1341 2631 1406 2675 16

394 2733 396 2735 ’
442 2759 841 2811 PRolecrA
880 2763 1348 2817 CALARITANA

385 2871 388 2873 ,
654 2832 731 2885 IN
768 2833 1138 2893 SARDINIA..

449 2969 651 3040 Epistolai
671 2976 772 3023 Sac.
805 2978 1043 3046 Congreg.
1073 2974 1220 3045 Episc.
1237 2975 1287 3028 δε
1306 2980 1395 3027 Re-

375 3042 474 3110 gul.
500 3046 829 3095 Executionem
853 3050 1155 3101 Decretorum
1172 3083 1189 3106 ,
1223 3047 1250 3099 ὲ
1277 3047 1395 3097 Vifi-

372 3113 601 3165 tatoribus
631 3114 912 3182 Apostolicis
940 3132 1292 3176 emanaturum,
1310 3123 1397 3169 Su-

374 3184 629 3250 perioribus
657 3186 847 3238 Ordinis
875 3185 950 3238 seu
979 3190 1234 3242 Provinciae
1262 3191 1397 3240 relin-

374 3256 484 3319 qui,
517 3255 798 3329 Arc-hiepisc.
829 3261 1097 3315 Calaritano
1135 3263 1396 3314 committi-.-

377 3337 453 3372 tul'
478 3356 510 3375 o·
567 3344 569 3348 ¹
1295 3352 1320 3382 2
1335 3350 1398 3396 19

449 3398 528 3447 Fr.
558 3398 834 3450 Michaelem
862 3402 888 3455 ὲ
918 3405 1148 3455 Panormo
1174 3410 1191 3463 3
1227 3406 1307 3472 qui
1337 3406 1396 3460 ad

378 3467 673 3518 Provinciam
701 3472 918 3522 Vifitator
944 3470 1093 3525 fuerat
1120 3472 1273 3528 missus
1292 3511 1308 3534 ,
1344 3475 1395 3529 δε

377 3534 478 3602 post
533 3536 711 3589 obitum
753 3544 803 3595 P.
849 3542 1051 3597 Ministri
1094 3548 1394 3603 ‚Provincialis

377 3605 570 3657 eandem
597 3627 680 3659 ceu
707 3609 930 3665 Vifitator
945 3632 1211 3682 permanens
1229 3618 1395 3689 guber-.-

379 3691 593 3735 naverat,
631 3679 894 3733 Ministrum
911 3686 1245 3741 Provincialem
1262 3724 1278 3748 ,
1301 3693 1394 3740 Ge-

376 3748 534 3797 nerale
552 3752 823 3818 Capitulum
848 3755 1126 3809 accessurum
1142 3759 1393 3816 constituit.

378 3817 564 3867 Clemens
582 3826 640 3869 X.
1335 3832 1400 3882 ibi

445 3889 837 3944 Constitutionem
873 3895 930 3945 de
955 3897 1254 3968 abrogatione
1294 3901 1397 3954 Dis·

956 301 1153 385 EJL
1219 295 1574 387 ENC
1626 298 1854 389 Hv
1917 299 2016 387 S.

1486 431 1720 467 cretorum
1755 419 1812 467 ad
1837 415 2130 469 Provinciam
2158 417 2363 470 extendit
2391 455 2404 470 .
2442 416 2518 469 In·

1484 493 1692 538 nocentitts
1717 488 1842 542 XII.
2412 509 2511 541 220

1554 562 1848 613 Provinciam
1876 596 1893 620 ,
1941 558 2165 612 sardiniae
2194 558 2310 612 'alias
2340 580 2516 614 nuncu-

1480 643 1635 698 patam
1652 665 1669 688 ‚
1706 633 1752 681 in
1782 632 1894 686 duas
1909 667 1925 691 ,
1943 630 2162 682 videlicet
2193 633 2511 685 Calaritanam

1481 701 1530 755 ὅ(
1557 703 1891 765 Turritanam,
1920 702 2072 754 dividi
2111 703 2358 756 concedit.
2391 705 2510 756 Idem

1478 791 1569 822 cum
1602 788 1701 823 nota
1719 809 1732 823 .
2410 794 2438 826 2
2450 795 2469 825 1
2485 793 2507 824 ι

1548 849 1748 897 Decreta
1774 849 1790 903 3
1827 844 1991 914 quibus
2025 848 2165 896 Sacra
2183 848 2509 917 congregatio

1476 912 1628 982 Episc.
1663 914 1713 967 ὅ(
1740 918 1907 986 Regul.
1938 917 2179 969 Fratribus
2215 920 2375 987 Regni
2401 920 2508 968 Sar-

1475 984 1606 1039 diniae
1639 983 1906 1040 facultatem
1933 988 2088 1039 Tertii
2120 988 2320 1039 Ordinis
2359 986 2507 1039 Habi-

1475 1069 1575 1108 tum
1603 1057 1907 1110 Saecularibus
1925 1057 2159 1124 utriusque
2178 1055 2311 1109 sexus
2329 1057 2505 1127 dispen-

1474 1124 1599 1180 sandi
1630 1142 1895 1195 competere
1921 1129 2202 1178 nominatim
2235 1129 2505 1188 declaravit,

1473 1197 1721 1254 confirmat
1741 1235 1753 1248 .
1795 1198 1984 1250 Clemens
1999 1197 2099 1252 XI.
2406 1219 2463 1250 22
2474 1219 2501 1262 3

1544 1274 1802 1321 Decretum
1833 1306 1848 1330 ‚
1884 1287 1976 1340 quo
2005 1273 2144 1320 Sacra
2178 1273 2502 1340 Congregatio

1476 1338 1626 1408 Epist.
1669 1340 1718 1393 61
1752 1341 1922 1411 Regul.
1965 1340 2236 1391 elestionem
2270 1339 2507 1392 Discreto-

1473 1427 1578 1461 rum
1606 1429 1693 1481 pro
1723 1411 1904 1465 duobus
1937 1412 2171 1479 Capitulis
2200 1412 2503 1462 Provinciali-

1474 1480 1557 1535 bus
1584 1482 1809 1542 restituit,
1847 1479 2121 1554 Apostolica
2145 1481 2503 1534 confirmatione

1474 1556 1736 1605 communit
1753 1588 1767 1604 .
1806 1551 2069 1604 Innocentius
2084 1551 2241 1608 XIII.
2400 1572 2500 1618 ²24

1547 1624 1757 1683 Eandem
1801 1626 2071 1677 eleffionem
2103 1623 2408 1677 Discretalem
2444 1625 2504 1677 ad

1472 1707 1671 1756 quatuor
1699 1697 1787 1744 alia
1820 1695 2042 1765 Capitula
2082 1698 2389 1749 Provincialia
2429 1715 2504 1747 ex·

1472 1764 1638 1815 tendit.
1657 1764 1922 1815 ‘Benedia‘lus
1938 1763 2088 1818 XIII.
2105 1786 2194 1817 cum
2207 1783 2320 1816 nota.
2397 1786 2458 1816 22
2469 1786 2494 1831 5

1540 1837 1744 1888 Decreto
1760 1838 1861 1886 Sac.
1883 1840 2065 1904 Congr.
2085 1836 2238 1906 Episc.
2259 1835 2309 1888 ὃ(
2328 1840 2499 1908 Regul.

1469 1904 1654 1957 Erefflo
1687 1923 1819 1956 novae
1850 1906 2040 1958 Domfis
2072 1908 2117 1954 in
2147 1907 2341 1975 Oppido
2374 1911 2498 1960 Tor-

1469 1976 1568 2027 tolii
1592 1974 1954 2049 Archiepiscopo
1981 1977 2252 2031 calaritano
2285 1982 2496 2029 commit·

1468 2059 1616 2101 titur.
2394 2067 2495 2119 2²2

1527 2192 1928 2248 PnovmcIA
1964 2193 2432 2246 TURMTANA.
2497 2169 2500 2178 ²

1534 2335 1815 2404 Ampullam
1830 2337 2076 2405 Sanguinis
2095 2338 2143 2389 S.
2163 2336 2341 2386 Gavini
2362 2337 2494 2386 Mar·

1466 2409 1587 2472 tyris
1605 2443 1622 2467 ,
1654 2405 1731 2456 seu
1760 2411 1852 2469 ejus
1877 2421 2061 2476 partem
2086 2423 2145 2459 ex
2161 2405 2362 2457 Ecclesia
2383 2410 2492 2455 Fra·

1465 2491 1591 2527 trum
1638 2479 1729 2527 loci
1761 2479 1914 2527 Nulvi
1955 2477 2129 2528 extrahi
2175 2475 2258 2526 sub
2289 2475 2494 2527 censuris

1465 2547 1704 2616 prohibet.
1733 2547 1936 2600 Urbanus
1959 2547 2097 2600 VIII.
2385 2565 2488 2608 229

1468 2619 1472 2621 ’
1535 2623 1788 2671 Decretum
1819 2624 1947 2671 Sacr.
1982 2620 2376 2690 congregationis
2406 2621 2489 2670 Ri-

1466 2703 1597 2740 tuum
1617 2726 1634 2749 ,
1669 2710 1761 2759 quo
1787 2692 2089 2760 praecedentia
2114 2693 2160 2740 in
2192 2688 2490 2742 Proceffioni·

1462 2758 1546 2812 bus
1577 2764 1622 2811 in
1649 2762 1775 2816 dfflo
1795 2765 1902 2812 loco
1932 2765 2082 2813 Nulvi
2115 2766 2225 2813 RR.
2263 2765 2351 2813 ΡΡ.
2382 2762 2488 2813 Ob-

1457 2827 1739 2888 servantibus
1759 2847 1921 2884 contra
1947 2838 2131 2884 Fratres
2154 2832 2330 2883 nostros
2357 2833 2483 2896 adju·

1454 2901 1604 2954 dicata
1630 2904 1693 2959 est
1719 2941 1736 2966 ,
1772 2903 2047 2956 confirmat.
2083 2903 2349 2954 Innocentius
2378 2901 2486 2956 XI..

1456 2991 1545 3026 cum
1563 2991 1661 3024 nota
1677 3012 1690 3025 .
2376 2995 2402 3024 2
2415 2993 2478 3036 29

1529 3049 1802 3098 Conventus
1820 3050 1866 3100 T
1869 3049 2095 3098 urritanos
2126 3048 2171 3095 in
2189 3047 2483 3097 Provinciam

1455 3115 1570 3186 erigi
1589 3117 1797 3185 iudulget
1814 3155 1826 3168 .
1865 3117 2129 3172 Innocentius
2146 3114 2293 3168 ΧΙῙ.“
2379 3136 2406 3168 2
2415 3135 2440 3180 3
2453 3135 2485 3167 1-

1525 3192 1726 3242 Decreto
1743 3192 1844 3240 Sac.
1861 3192 2103 3261 Congreg.
2135 3188 2328 3259 Indulg.
2347 3193 2483 3240 Pera-

1451 3257 1666 3329 gentibus
1705 3261 1844 3313 Viam
1875 3263 2042 3311 Crucis
2080 3261 2107 3313 ,ὲ
2134 3262 2369 3310 Fratribus
2403 3276 2484 3311 no«

1456 3329 1555 3378 stris
1583 3331 1801 3380 Civitatis
1834 3334 2010 3384 Saceris
2038 3345 2143 3382 ante
2173 3330 2477 3382 Constitutio-

1455 3417 1560 3452 nem
1573 3401 1963 3459 ClementisXII.
1989 3405 2036 3452 in
2065 3405 2230 3453 Monte
2249 3439 2266 3462 ,
2283 3404 2483 3454 Valver-

1453 3470 1510 3522 de
1526 3488 1820 3541 nuncupato,
1854 3473 2085 3534 eteRam,
2123 3474 2291 3524 eaedem
2329 3470 2482 3521 indul-

1454 3544 1618 3612 gentiae
1667 3542 1984 3596 conceduntur
2015 3581 2031 3604 ,
2081 3563 2194 3613 quas
2237 3545 2476 3593 lucrantur

1455 3629 1726 3682 peragentes
1756 3617 1955 3666 credam
1979 3617 2006 3665 ὲ
2029 3614 2263 3666 Fratribus
2282 3649 2298 3672 ,
2335 3615 2476 3663 Mini-

1453 3682 1546 3734 stro
1583 3687 1801 3737 Generali
1830 3686 2192 3755 Observantium
2234 3683 2442 3748 subjestis
2464 3721 2477 3734 .

1457 3775 1544 3809 cum
1555 3772 1680 3808 nota.
2411 3754 2476 3805 ibi

2319 3968 2417 4012 cu.
