2664 4114
370 300 531 359 120

312 391 495 441 Erectio
526 402 654 434 novae
681 378 860 433 Domus
890 376 935 426 in
962 376 1110 427 Terra
1135 379 1324 428 Scorani

376 460 435 510 ad
455 455 677 507 instantias
697 449 1057 503 Communitatis
1074 445 1290 517 signatur.

598 579 1041 626 HYDRUNTIN.
1091 561 1094 564 ’

382 707 918 762 BEATISSIME
969 707 1262 759 PATER.

439 853 524 894 UM
549 848 689 891 devoti
715 850 944 895 Sanctitatis
962 849 1109 894 Vestrae
1133 850 1330 890 Oratores

455 906 701 952 Univerfitas
714 936 728 957 ³
747 911 783 952 δι
800 910 984 953 homines
1002 909 1346 951 TerraeScoranae

313 966 586 1022 Hydruntinae
608 966 743 1010 Dioec.
765 971 833 1026 pio
853 967 993 1010 affectu
1012 979 1108 1020 erga
1130 964 1329 1006 Ordinem

311 1028 394 1068 FF.
411 1025 618 1068 Minorum
635 1029 675 1069 S.
693 1023 890 1071 Francisci
905 1025 1204 1082 Capucinorum
1223 1035 1328 1063 nun-

310 1092 554 1139 cupatorum
570 1082 678 1127 ducti
698 1114 711 1137 ,
741 1089 780 1128 &
795 1085 891 1127 alias
916 1100 989 1141 pro
1009 1081 1168 1137 speciali
1185 1093 1328 1121 eorum

310 1140 594 1186 consolatione
621 1156 738 1185 unam
765 1148 936 1186 Domum
960 1140 1140 1196 ejusdem
1163 1137 1327 1181 Ordinis

310 1200 353 1242 in
378 1199 484 1242 dieta
504 1202 633 1243 Terra
650 1229 664 1251 ‚
690 1203 730 1242 ἃ
745 1203 837 1245 loco
858 1203 943 1245 satis
962 1197 1175 1244 commodo
1189 1226 1204 1248 5
1228 1197 1327 1253 iam·

312 1272 392 1313 que
422 1272 492 1313 per
517 1272 589 1300 eos
603 1258 836 1314 designato,
865 1275 955 1302 cum
971 1261 1034 1302 sua
1050 1256 1255 1307 Ecclesia,
1288 1256 1327 1296 δε

312 1317 500 1359 omnibus
525 1316 611 1358 aliis
627 1320 816 1360 membris
833 1317 1055 1362 necessariis
1070 1315 1268 1366 construi,
1289 1315 1328 1356 δι

313 1374 499 1417 aedificari
523 1372 657 1417 facere
673 1376 881 1421 intendant
898 1391 912 1429 3
942 1376 1101 1433 jamque
1118 1373 1324 1415 licentiam

312 1435 336 1475 ὲ
353 1431 546 1487 Capitulo
558 1435 753 1476 Generali
769 1434 947 1491 ejusdem
962 1431 1125 1475 Ordinis
1139 1433 1326 1474 obtinue-

312 1492 396 1534 rint
413 1519 429 1540 ‚
453 1490 716 1544 pecuniasque
730 1507 804 1546 pro
816 1491 1109 1535 construetione
1125 1489 1326 1545 hujusmo-

314 1550 358 1591 di
375 1545 524 1589 Domus
537 1546 769 1593 necessarias
796 1551 834 1593 in
851 1558 1037 1606 promptu
1054 1550 1257 1600 habeant,
1288 1551 1328 1592 &

313 1608 396 1667 jam
424 1605 576 1661 lapides
604 1609 642 1649 &
678 1619 881 1652 coementa
908 1638 921 1661 ,
955 1610 995 1650 &
1022 1608 1100 1652 alia
1125 1621 1198 1663 pro
1222 1608 1327 1652 dista

311 1666 467 1709 fabrica
497 1679 640 1720 parare
672 1669 926 1725 inceperint,
953 1668 1137 1721 dietaque
1165 1669 1326 1710 Terra-5

315 1725 408 1767 satis
434 1725 672 1776 commoda,
699 1729 735 1769 &
759 1727 909 1784 populo
937 1726 1140 1778 abundans
1156 1726 1327 1778 existat,

316 1786 422 1825 &ex
438 1782 633 1825 consuetis
658 1786 763 1828 illius
788 1784 1056 1840 eleemosynis
1072 1812 1085 1834 a
1114 1784 1326 1839 praese'rtim

317 1846 420 1885 vero
442 1842 649 1901 Nobilium
673 1847 895 1897 Virorum,
918 1845 984 1902 qui
1011 1843 1147 1885 omnia
1172 1857 1245 1898 pro
1267 1845 1327 1885 su-

313 1901 559 1944 stentatione
586 1902 881 1960 Religiosorum
910 1901 949 1946 in
983 1902 1128 1945 dictam
1155 1906 1329 1945 Domum

310 1958 704 2005 introducendorum
726 1963 943 2007 necessaria
965 1960 1105 2018 sponte
1123 1991 1137 2013 ,
1161 1963 1200 2003 δι
1228 1961 1331 2004 libe-

311 2018 460 2084 raliter
486 2016 661 2062 offerunt
688 2052 702 2074 ,
731 2022 925 2066 sufficiens
956 2020 1196 2065 eorumdem
1211 2021 1329 2064 Reli—

315 2076 518 2132 giosorum
546 2091 732 2123 numerus
760 2081 975 2124 commode
1002 2079 1203 2122 sustentari
1228 2094 1328 2136 que-

313 2145 384 2185 at,
403 2135 430 2174 si
454 2134 492 2175 in
508 2133 610 2178 dicta
626 2139 754 2181 Terra
779 2142 816 2182 δι
834 2140 953 2190 loco,
976 2138 1052 2195 jam
1076 2138 1157 2195 (ut
1180 2138 1329 2195 supra)

313 2193 523 2259 designato
537 2222 552 2245 ,
583 2192 649 2237 seu
676 2192 807 2240 forsan
821 2198 1062 2252 designando
1076 2211 1153 2240 una
1177 2201 1330 2241 Domus

312 2250 533 2318 {legulam
564 2252 788 2309 hujusmodi
814 2258 1010 2312 perpetuo
1026 2259 1330 2312 erigeretur,&

313 2309 628 2376 institueret-um
653 2326 870 2370 augmento
885 2315 1013 2358 divini
1028 2314 1159 2359 cultris
1173 2347 1187 2369 ,
1215 2316 1332 2359 dieti-

313 2382 394 2424 que
409 2368 570 2410 Ordinis
588 2375 902 2428 propagationi,
920 2388 965 2416 ac
981 2373 1330 2431 Incolarumeiusa

312 2428 546 2492 dem'serrae
567 2428 727 2484 speciali
750 2431 1015 2475 consolationi
1031 2447 1109 2475 non
1124 2434 1330 2476 modicum

309 2484 627 2552 provideretur.
663 2491 895 2546 supplicant
921 2492 1049 2546 igitur
1081 2490 1206 2534 iidem
1231 2495 1331 2535 San-

310 2547 462 2587 &itatis
481 2544 627 2587 Vestrae
645 2550 844 2593 Oratores
871 2549 937 2605 pio
958 2551 998 2590 &
1012 2549 1219 2594 ·laudabili
1235 2566 1328 2607 pro-

309 2604 439 2658 posito
473 2631 487 2654 ,
519 2604 557 2645 in
587 2606 785 2658 praemiffis
812 2607 1091 2651 favorabiliter
1117 2623 1328 2661 annuere,

238 2696 241 2698 .
311 2660 549 2715 specialibus
575 2662 780 2713 favoribus
812 2668 849 2708 ac
874 2666 1012 2720 gratiis
1029 2663 1240 2724 prosequi,
1256 2667 1330 2710 eis·

310 2718 407 2761 dem
423 2722 661 2784 Oratoribus
676 2737 797 2768 unam
815 2723 1034 2775 huiusmodi
1051 2727 1221 2774 Domum
1237 2741 1328 2769 cum

309 2777 492 2819 Ecclena
507 2806 522 2829 ,
553 2781 591 2821 3<
618 2782 706 2826 aliis
730 2784 780 2826 ad
800 2783 1096 2839 Religiosorum
1114 2786 1332 2828 habitatio-

311 2848 408 2903 nem
435 2837 630 2902 requisitis
651 2842 941 2894 construendi,
965 2840 1032 2885 seu
1052 2844 1223 2886 construi
1245 2875 1261 2896 ‚
1291 2845 1330 2885 &

313 2892 495 2935 aedificari
510 2893 684 2941 faciendi
701 2899 968 2951 licentiam,&
983 2900 1218 2952 facultatem
1230 2902 1330 2946 libe-

312 2966 402 3019 ram
417 2980 430 3003 ,
444 2953 484 2992 δε
496 2967 764 3008 opportunam
780 2961 1063 3002 auctoritatem
1080 2962 1330 3013 concedere,

313 3012 355 3052 δι
381 3013 577 3066 impartiri

312 3083 420 3111 nunc
434 3098 446 3120 ,
459 3072 582 3138 prout
600 3076 804 3131 postquam
826 3079 877 3118 sic
895 3077 1113 3119 constructa
1130 3106 1143 3128 ,
1159 3081 1198 3120 &
1210 3079 1332 3121 aedifi-

314 3137 402 3192 cata
417 3127 540 3172 fuerit
554 3131 618 3182 ,in
641 3137 811 3178 Domum
830 3133 1080 3190 Regularem
1097 3135 1194 3179 dicu·
1211 3138 1332 3180 Ordi—

313 3198 376 3225 ms
399 3200 489 3252 curn
506 3191 684 3235 Ecclesia
697 3224 712 3245 ,
723 3193 909 3237 Claustro
923 3223 939 3245 ,
953 3194 1205 3237 Dormitorio
1218 3225 1231 3247 ,
1246 3198 1331 3238 Re-

315 3239 647 3312 feetorio,·hortis
660 3280 675 3303 ,
690 3252 911 3301 hortalitiis
926 3281 941 3303 ,
956 3251 1121 3308 aliisque
1137 3255 1330 3296 membris

313 3300 356 3337 &
383 3299 546 3367 officsms
573 3309 801 3352 necessariis
831 3340 845 3362 ,
873 3312 1141 3366 opportunis,
1170 3314 1209 3354 &
1234 3312 1332 3357 'alias

316 3358 515 3425 consuetis
545 3376 617 3415 pro
642 3369 849 3424 perpetuis
875 3367 948 3415 usu
973 3399 988 3421 ,
1020 3372 1060 3411 ὅ(
1084 3371 1333 3414 habitatione

315 3414 531 3482 duptleflfn
561 3421 608 3462 ad
642 3426 768 3468 minus
799 3429 984 3471 Fratrum
1017 3428 1114 3470 dicti
1140 3431 1305 3473 Ordinis
1319 3460 1333 3483 ,

317 3484 383 3534 qui
411 3474 505 3537 inibi
529 3475 595 3517 sub
624 3484 815 3536 regularis
840 3486 1056 3542 disciplinae
1075 3488 1329 3532 observantia

314 3531 618 3597 JUXt³,el⁰sdem
630 3539 796 3583 Ordinis
816 3545 1010 3598 regularia
1026 3546 1202 3589 instituta
1219 3549 1330 3590 vive-⁴

314 3601 362 3627 re
373 3614 387 3636 ,
398 3586 621 3650 divinisque
636 3595 772 3639 officiis
790 3600 827 3640 in
844 3603 922 3655 ipsa
938 3603 1114 3647 Ecclesia
1130 3605 1302 3649 insistere
1315 3637 1330 3659 ,

316 3645 356 3709 &f
369 3643 504 3685 eidem
519 3649 700 3693 Ecclesiae
711 3653 914 3700 deservire
933 3671 1166 3715 teneantur,
1185 3667 1333 3707 Aucto-

316 3712 440 3744 ritate
472 3706 698 3757 Apostolica
728 3721 926 3767 perpetuo
956 3721 1143 3774 erigere,
1166 3725 1203 3763 &
1223 3724 1331 3766 insti-

316 3769 461 3802 tuere:
492 3775 568 3828 nec
584 3778 660 3829 non
677 3770 926 3823 Guardiano,
943 3776 1106 3833 aliisque
1123 3782 1328 3823 Fratribus

315 3820 353 3859 δι
372 3821 551 3862 l‘crsonis
566 3823 901 3883 quibuscumque,
916 3846 961 3875 ac
980 3837 1164 3881 Ecclefiae
1181 3838 1330 3884 Domfis

606 3030 618 3059 :
659 3020 714 3060 Et
743 3016 900 3074 insuper
930 3020 1108 3061 Domum
1134 3021 1254 3076 ipsam
1279 3035 1338 3072 ex>

1078 258 1620 347 Provincia

1386 391 1460 434 per
1477 375 1687 431 praesentes
1709 373 1879 420 erectae,
1909 372 1955 412 ut
1984 368 2167 412 omnibus
2183 369 2222 410 δι
2249 370 2411 427 singulis

1387 435 1611 492 privilegiis
1629 461 1643 483 ,
1674 431 1933 475 facultatibus
1947 457 1960 481 ,
1993 429 2309 471 immunitatibus
2327 458 2341 481 ,
2371 434 2412 472 δι

1388 493 1691 547 exemptionum
1727 488 2030 545 praerogativis‚
2062 487 2374 531 antelationibus
2396 517 2411 540 ,

1390 547 1630 602 favoribus,
1659 550 1849 603 &gratiis
1877 558 1954 590 tam
1971 545 2239 602 spiritualibus
2255 572 2269 594 ,
2291 552 2411 603 quam

1391 608 1685 665 temporalibus
1715 607 1804 650 aliis
1831 605 2008 663 ejusdem
2030 603 2195 646 Ordinis
2214 606 2412 647 Donubus

1392 666 1649 724 regularibus
1663 692 1677 715 2
1699 677 1919 721 earumque
1936 661 2217 706 Ecclefiasticis
2230 662 2269 703 in
2288 674 2415 718 gene-

1393 741 1439 770 re
1453 753 1467 773 ,
1483 725 1549 768 vel
1565 724 1602 765 in
1621 722 1752 779 specie
1769 735 1859 775 ,aut
1875 722 1973 765 alias
1991 720 2301 774 quomodolibet
2316 735 2415 763 con-

1397 784 1506 828 ceffis
1524 813 1538 831 ,
1565 784 1604 824 &
1618 780 1759 836 quibus
1777 781 1845 824 illa
1881 783 1920 822 &
1948 794 2085 823 earum
2102 779 2354 829 Guardiani,
2374 782 2414 821 &

1390 846 1556 887 Fratres
1572 870 1586 892 ,
1602 840 1768 895 aliaeque
1785 839 1966 883 Personae
1980 839 2032 881 de
2049 836 2414 894 jure,usu,consue-.

1391 902 1563 953 tudine,
1585 909 1661 941 aut,
1675 898 1772 941 alias
1786 898 2094 956 quomodolibet
2112 907 2282 940 utuntur
2295 923 2310 946 2
2331 895 2416 940 sru-

1391 969 1513 1004 untur
1530 988 1543 1010 ,
1570 959 1778 1011 potiuntur
1793 987 1808 1008 ,
1837 959 1877 998 &
1898 957 2074 1012 gaudent
2090 984 2104 1009 ,
2133 971 2177 999 ac
2193 955 2284 1007 uti,
2303 953 2414 1008 frui,

1391 1019 1545 1076 potiri,
1573 1018 1613 1057 ὃς
1637 1014 1813 1070 gaudere
1838 1014 1993 1069 possunt
2010 1043 2024 1065 ‚
2048 1017 2088 1056 &
2103 1024 2295 1069 poterunt
2310 1029 2414 1070 quo-

1392 1075 1545 1120 modoli
1552 1077 1620 1117 bet
1634 1075 1673 1116 in
1688 1070 1863 1114 futurum
1882 1098 1896 1122 ³
1910 1087 1956 1127 pa
1964 1071 2184 1121 riformiter
2209 1073 2248 1113 &
2262 1073 2424 1129 absque·

1390 1135 1472 1179 ulla
1514 1132 1745 1175 differentia
1782 1129 1891 1182 frui,
1919 1132 2006 1184 uti,
2031 1130 2181 1184 potiri,
2200 1131 2411 1186 &gaude-

1389 1209 1457 1239 re:
1477 1208 1552 1236 nec
1569 1206 1648 1234 non
1663 1203 1911 1246 quaecunque
1927 1188 2121 1247 Capitula
2138 1216 2152 1239 ,
2169 1188 2415 1232 Ordinatio-

1391 1267 1461 1298 nes
1477 1284 1490 1304 ,
1518 1250 1894 1294 &Constitutiones
1909 1276 1923 1299 ‚
1947 1263 1992 1293 ac
2019 1246 2163 1290 statuta
2178 1275 2194 1299 ‚
2217 1245 2316 1290 felix
2346 1263 2414 1290 re-

1386 1314 1519 1370 gimen
1535 1339 1550 1362 ,
1574 1313 1612 1365 ὃς
1631 1308 2012 1353 administrationem
2029 1302 2142 1348 diuae
2158 1304 2311 1349 Domfis
2329 1335 2345 1359 ‚
2373 1310 2414 1349 &

1387 1369 1572 1417 Fratrum
1588 1371 1628 1412 in
1641 1385 1730 1415 eam
1742 1367 2134 1413 introducendorum
2148 1379 2354 1408 concerne
2368 1372 2418 1417 ns·

1386 1433 1442 1476 tia
1460 1430 1480 1488 (
1498 1431 1608 1474 licita
1623 1438 1758 1475 tamen
1786 1431 1825 1470 &
1850 1428 2012 1472 honesta
2029 1458 2043 1479 ‚
2075 1441 2121 1469 ac
2136 1425 2229 1468 dieii
2246 1425 2417 1468 Ordinis

1388 1489 1665 1546 Regularibus
1682 1487 1907 1541 Institutis,
1934 1487 2131 1543 sacrisque
2150 1485 2383 1527 Canonibus
2399 1513 2414 1536 ,
2447 1523 2450 1526 .

1387 1554 1426 1594 ἃ
1441 1547 1806 1594 Constitutionibus
1825 1546 2066 1604 Apostolicis
2084 1573 2096 1596 ,
2113 1558 2184 1588 nec
2201 1558 2279 1587 non
2298 1550 2414 1590 Con-

1386 1609 1470 1653 cilii
1496 1608 1728 1650 Tridentini
1758 1607 1949 1651 Decretis
1984 1604 2146 1647 minime
2171 1602 2413 1659 contraria)
2481 1621 2491 1633 ι

1389 1667 1568 1713 condere
1586 1696 1599 1718 ,
1629 1667 1783 1721 illaque
1805 1664 1914 1721 juxta
1957 1678 2090 1706 rerum
2111 1664 2152 1704 δι
2178 1665 2405 1711 Fratrum„

1389 1726 1669 1785 qualitates,ac
1684 1724 1795 1775 alias,
1810 1733 1931 1779 prout
1945 1723 2164 1778 expediens
2183 1720 2410 1771 videbitur,

1390 1797 1545 1831 mutare
1560 1813 1573 1835 ‚
1599 1787 1807 1841 corrigere
1820 1813 1835 1834 ,
1860 1783 2084 1826 reformare
2099 1809 2112 1832 ,
2141 1782 2181 1822 &
2208 1779 2383 1831 alterare
2397 1806 2416 1830 ,

1389 1850 1429 1889 δι
1443 1847 1569 1888 etiam
1595 1845 1671 1887 alia
1688 1845 1740 1887 de
1756 1856 1863 1885 novo
1882 1841 2019 1886 facere
2037 1869 2050 1892 ,
2074 1854 2157 1895 quae
2172 1867 2186 1891 ,
2208 1837 2424 1894 postquam

1391 1908 1628 1953 immutata,
1658 1902 2004 1952 reformata-,stu
2031 1899 2230 1944 alterata,
2261 1908 2333 1940 aut
2355 1896 2414 1948 ⁴de

1391 1979 1499 2008 novo
1522 1962 1632 2007 edita
1655 1958 1835 2011 suerint,
1861 1957 1999 2013 eoipso
2023 1957 2280 1999 Aufftoritate
2297 1958 2413 2011 Apo-

1391 2019 1773 2068 stolicaconfirmata
1792 2046 1806 2068 2
1831 2019 1871 2060 &
1898 2015 2113 2072 approbata
2137 2013 2207 2056 sint
2223 2042 2237 2065 ,
2268 2015 2308 2056 &
2334 2011 2412 2055 esse

1372 2082 1629 2129 'censeantur
1643 2108 1658 2131 ι,
1680 2095 1724 2124 ac
1741 2092 1813 2135 per
1830 2075 1999 2133 fingulos
2020 2077 2183 2118 Fratres
2205 2072 2413 2128 praediffiios

1392 2141 1678 2188 inviolabiliter
1692 2137 1893 2182 observari
1908 2135 2106 2179 debeant,
2134 2145 2178 2172 ac
2191 2133 2240 2173 ad
2259 2132 2298 2172 id
2313 2146 2412 2174 cen..

1392 2203 1486 2247 suris
1499 2231 1512 2254 ,
1536 2203 1576 2243 δε
1590 2198 1717 2256 poenis
1735 2192 2020 2240 Ecclesiasticis
2036 2221 2049 2241 ,
2073 2188 2240 2243 aliisque
2254 2188 2352 2246 juris
2370 2191 2410 2231 δε

1391 2259 1483 2307 faeti
1500 2259 1691 2304 remediis
1722 2257 1811 2310 cogi
1846 2250 2089 2305 &compelli
2106 2247 2275 2304 possint,
2305 2248 2410 2290 simi-

1392 2324 1488 2367 liter
1505 2319 1671 2376 possint,
1684 2317 1724 2357 &
1739 2315 1898 2358 valeant
1911 2340 1924 2362 ,
1940 2308 2044 2352 dicta
2059 2307 2297 2349 auctoritate
2313 2320 2411 2362 per-

1390 2382 1514 2440 petuo
1527 2376 1759 2422 concedere
1773 2404 1786 2426 ‚
1801 2375 1841 2416 &
1859 2370 2094 2425 indulgere:
2125 2379 2202 2409 nec
2217 2379 2409 2422 non-prae-

1390 2427 1551 2490 sentes,
1580 2435 1803 2490 &desuper
1823 2426 2094 2474 conficiendas
2110 2426 2271 2468 litteras
2299 2425 2414 2466 nullo

1390 2513 1561 2557 unquam
1579 2507 1763 2549 tempore
1778 2521 1791 2543 ,
1821 2505 1872 2532 ex
1889 2487 2027 2542 quovis
2044 2494 2234 2540 praetextu
2246 2513 2259 2536 ,
2273 2482 2411 2527 causa-

1389 2572 1467 2615 que
1486 2587 1498 2610 ,
1527 2552 1784 2597 &occasione
1812 2548 1865 2589 de
1878 2545 2175 2600 subreptionis,
2205 2542 2270 2586 vel
2285 2543 2408 2584 obre-

1390 2616 1566 2673 ptionis,
1593 2612 1660 2655 seu
1687 2608 1883 2656 nullitatis
1913 2605 2015 2647 vitio
2033 2631 2046 2652 ‚
2075 2613 2144 2644 aut
2171 2601 2409 2644 intentionis

1391 2675 1555 2723 vestrae,
1584 2671 1647 2715 vel
1663 2670 1744 2712 alio
1758 2666 1945 2723 quopiam
1962 2660 2122 2705 defefftu
2145 2660 2300 2712 notari,
2335 2660 2412 2701 im-

1390 2732 1556 2791 pugnari
1578 2760 1592 2783 ,
1621 2725 1831 2771 invalidari
1848 2755 1864 2777 ‚
1893 2724 1931 2766 in
1946 2721 2006 2779 jus
2028 2722 2068 2761 &
2090 2717 2411 2763 controversiam

1392 2791 1526 2836 vocari
1555 2818 1569 2841 ,
1606 2798 1673 2831 aut
1703 2787 1894 2830 adversus
1921 2796 1987 2825 eas
2017 2778 2241 2836 quidquam
2262 2777 2413 2835 opponi

1391 2848 1497 2906 posse
1512 2879 1526 2900 ,
1546 2848 1612 2890 sed
1632 2847 1785 2899 semper
1802 2874 1812 2893 ‚
1827 2845 1867 2885 δι
1883 2840 2079 2899 perpetuo
2097 2838 2247 2885 validas
2266 2868 2280 2890 ‚
2294 2840 2331 2879 &
2347 2835 2414 2880 es-

1390 2910 1536 2952 ficaces
1563 2904 1650 2949 sore
1667 2933 1680 2954 a
1703 2907 1739 2946 &
1768 2898 1846 2946 esse
1872 2932 1886 2954 ,
1918 2897 2084 2955 suosque
2117 2897 2348 2952 plenarios,
2372 2894 2420 2937 &-

1391 2971 1575 3022 integros
1598 2964 1760 3007 effeetus
1789 2959 1920 3009 sortiri
1949 2962 1987 3001 δε
2014 2957 2202 2999 obtinere
2228 2984 2242 3006 ‚
2284 2969 2330 2997 ac
2357 2954 2408 2995 ab

1392 3027 1575 3070 omnibus
1602 3021 1893 3066 inviolabiliter
1918 3014 2151 3064 observari,
2174 3023 2293 3068 atque
2320 3013 2409 3055 ita-2

1393 3101 1464 3140 per
1478 3079 1909 3140 quoscunque—ludices
1930 3073 2099 3130 judicari
2115 3073 2191 3112 διε.
2221 3071 2376 3113 debere
2394 3099 2409 3121 ,

1390 3145 1630 3198 irritumque
1645 3141 1720 3179 διε.
1733 3139 1958 3179 decernere
1975 3129 2195 3184 dignemini
2212 3129 2264 3172 de
2279 3130 2409 3184 gratia

1392 3201 1584 3257 speciali.
1617 3204 1708 3242 Non
1745 3196 1986 3240 obstantibus
2019 3191 2089 3236 fel.
2120 3208 2201 3236 rec.
2245 3194 2408 3237 Bonifa-

1394 3261 1587 3303 ciivut.
1615 3256 1865 3313 prohibentis
1899 3253 2104 3297 Fratribus
2136 3254 2411 3297 Mendicanth

1391 3320 1466 3361 bus
1492 3329 1609 3359 novas
1636 3319 1785 3358 Domos
1812 3314 2023 3369 acquirere
2037 3315 2112 3353 διε.
2140 3311 2409 3355 Constitutio-

1394 3377 1506 3420 nibus
1527 3404 1540 3425 ,
1575 3375 1615 3415 δι
1644 3374 1977 3418 Ordinationibus
1999 3371 2270 3427 Apostolicis,
2295 3371 2414 3414 diffi-

1393 3448 1472 3489 que
1487 3433 1679 3485 Ordinis,
1709 3434 1830 3477 etiam
1863 3431 2089 3489 juramento
2105 3432 2180 3472 &c-
2210 3429 2410 3472 roboratis

1391 3494 1544 3535 statutis
1561 3520 1575 3541 ,
1600 3491 1822 3548 privilegiis
1851 3504 2011 3547 quoque
2038 3488 2201 3530 indultis
2219 3515 2234 3538 ,
2258 3490 2298 3529 δι
2322 3488 2412 3531 Lit-

1389 3553 1488 3593 teris
1502 3551 1887 3607 Apostolicis,etiam
1906 3550 1989 3601 illi,
2015 3549 2202 3605 illiusqne
2216 3546 2410 3602 Superioe

1392 3611 1500 3653 ribus
1522 3639 1536 3662 ,
1565 3611 1605 3650 &
1636 3608 1818 3653 Personis
1840 3607 1910 3652 sub
1933 3606 2232 3664 quibuscunque
2249 3609 2407 3649 tenori.

1394 3669 1465 3711 bus
1478 3669 1556 3711 &c-
1587 3683 1632 3710 ac
1647 3683 1737 3710 cum
1752 3666 1952 3724 quibusvis
1966 3666 2149 3710 clausulis
2166 3694 2180 3718 ,
2206 3667 2246 3707 &
2261 3664 2407 3710 decre-

1391 3729 1441 3769 tis
1476 3728 1516 3769 in
1543 3729 1792 3769 contrarium
1818 3723 1948 3767 forsan
1974 3724 2284 3782 quomodolibet
2311 3730 2412 3767 coni

1388 3785 1498 3829 ceffis
1517 3787 1593 3826 &c-
1618 3786 1758 3840 quibus
1773 3783 1956 3826 omnibus
1973 3810 1987 3833 2
2000 3785 2153 3827 etiamsi
2169 3782 2221 3825 de
2237 3783 2319 3825 illis
2334 3786 2417 3826 διε.

1388 3843 1570 3887 latiffime
1584 3845 1655 3889 hac
1672 3845 1760 3888 vice
1776 3843 1971 3898 derogare
1998 3844 2165 3900 placeat
2185 3871 2199 3895 ,
2225 3842 2411 3885 coeteris-

2274 3914 2352 3955 que
