2618 4108
1176 150 1217 231 i

951 274 1551 364 Calaritana.

221 387 347 435 tinuis-
361 386 533 440 affefiln,
553 401 768 433 commune
793 386 962 444 ipsarum
991 390 1223 432 Prouincia-

219 448 474 492 rna-bonon»
491 447 760 503 paonmeendi
781 447 907 489 studio
928 446 1071 489 ductus
1093 450 1221 490 Nobis

218 503 436 562 supplicari
445 503 485 546 fe
493 516 631 559 cerat3
660 503 890 559 acproinde
902 508 1129 560 opportune
1152 506 1224 549 in...

221 563 416 624 prumiffis
428 564 455 607 ὲ
469 565 595 607 Nobis
717 566 725 574 '
783 563 847 612 ri,
875 575 951 603 nec
969 576 1045 604 non
1063 576 1226 619 praeter-

223 639 297 677 ea,
310 621 417 680 quod
431 622 701 665 inProuinciis
717 620 910 675 pradissis
919 622 1110 675 Capitula
1125 625 1227 665 Pro-

223 681 409 726 uincialia
423 680 476 722 de
496 678 726 736 feiiluiauno
752 678 790 720 in
822 676 1091 733 sesquiannum
1116 681 1226 722 cele·

223 741 330 786 brari
346 738 549 782 deberent
560 762 578 788 ,
593 735 931 793 quemadmodum
946 736 1016 779 fel.
1031 750 1109 779 rec.
1124 738 1227 779 Cle-

220 809 334 844 mens
348 799 422 840 FP·
442 797 493 838 X.
512 791 774 837 Pradeceffor
802 795 948 837 Noster
961 808 1034 850 pro
1046 795 1226 837 omnibus

226 855 403 915 eiufilem
423 851 589 896 ordinis
605 852 829 895 Provinciis
841 866 917 907 per
933 852 1121 909 quasdam
1139 850 1224 894 suas

225 915 368 960 {tidem
390 912 428 953 in
448 908 572 954 forma
586 910 724 953 Brevis
741 924 846 953 anno
860 922 1092 954 moctxxvr.
1107 909 1224 953 desu—

224 986 302 1033 per
315 969 526 1025 expeditas
539 971 699 1013 litteras
710 967 973 1024 prascripflffe
986 969 1199 1011 dicebatur
1210 997 1226 1021 ‚

225 1028 394 1075 decerni
407 1056 424 1080 ,
452 1027 492 1068 δι
510 1026 687 1070 ordinari
709 1027 924 1083 plurimum
951 1025 1198 1069 desiderabat
1214 1053 1229 1067 .

229 1092 321 1133 Nos
334 1086 529 1144 pot-restis
556 1085 683 1129 Nobis
709 1087 782 1128 bac
802 1085 843 1127 in
861 1099 904 1127 re
920 1096 992 1139 pro
1020 1080 1229 1140 ejusdem..

226 1146 370 1191 Caroli
385 1144 507 1199 Regis
531 1153 647 1200 parte
670 1143 850 1197 precibus
866 1142 1036 1197 benigne
1052 1154 1231 1184 annuen-

226 1216 321 1254 tes,
344 1202 486 1244 eadem
511 1201 758 1243 authoritate
769 1199 1063 1243 declaravimus
1092 1212 1226 1241 remo-

225 1264 378 1306 tionem
391 1285 406 1309 ‚
419 1260 461 1299 ἀ
473 1258 734 1300 abolitionem
750 1258 1024 1300 Discoetotum
1039 1260 1128 1299 Con
1135 1271 1228 1300 ven-

225 1319 393 1363 tualium
408 1318 448 1358 in
462 1315 683 1359 Provinciis
705 1314 908 1371 utriusque
935 1313 1118 1359 Castellae
1133 1317 1228 1357 Fra-

225 1388 335 1420 trum
357 1374 452 1416 dieti
481 1374 643 1416 Ordinis
672 1375 973 1427 Capuciuorum
1000 1372 1122 1415 saetas
1135 1401 1150 1424 ‚
1181 1384 1228 1416 ut

224 1433 460 1493 prefertur,
488 1429 778 1487 expeditasque
791 1430 961 1486 desuper
983 1431 1143 1474 litteras
1157 1445 1228 1473 no-

223 1494 319 1537 stras
334 1491 537 1547 praecimus
559 1489 847 1546 intelligendas
867 1489 943 1532 effe
965 1503 1046 1531 non
1073 1490 1228 1533 ibium..

223 1552 401 1605 respestu
420 1548 638 1592 Provinciae
661 1546 865 1605 utriusque
877 1548 1062 1591 Castellae
1078 1547 1228 1589 veteris

225 1609 378 1652 scilicet
392 1636 407 1660 2
431 1608 471 1648 δι
485 1619 594 1648 novae
607 1635 621 1658 ,
647 1607 787 1649 verum
804 1607 926 1650 etiam
942 1605 1118 1661 respectu
1137 1608 1229 1647 Pro-

226 1667 451 1711 vinciarum
465 1666 650 1716 Bechicae,
665 1665 788 1721 vulgo
801 1663 1026 1708 Andaluciae
1037 1689 1052 1713 ,
1063 1674 1230 1705 necnon

226 1729 419 1769 Navarrae
430 1751 446 1774 ,
473 1724 510 1766 δι
526 1751 541 1775 ,
560 1733 755 1779 quatenus
771 1737 871 1779 opus
884 1721 982 1765 effer
996 1750 1011 1773 ‚
1040 1723 1229 1764 remotio·

227 1795 349 1834 nem,
372 1781 660 1832 abolitionem,
682 1797 728 1824 ac
743 1784 889 1826 nostras
912 1782 1074 1822 litteras.
1097 1777 1232 1835 hujus-

225 1841 336 1884 modi
360 1839 408 1882 ad
432 1838 667 1894 supi-adina
685 1840 915 1882 Provincias
931 1838 1137 1880 Bethicam
1152 1865 1167 1887 5
1190 1838 1230 1879 &

226 1903 417 1943 Navarra
431 1896 532 1939 dic‘ta
548 1898 796 1939 authoritate
811 1897 1061 1938 extendimus
1085 1897 1123 1935 δι
1144 1909 1230 1936 arn-

224 1957 437 2012 pliavimus
449 1982 461 1995 .
498 1956 691 1997 Praeterea
720 1955 863 1997 eadem
889 1953 1140 1996 authoritate
1158 1954 1229 1995 de·

224 2013 424 2056 crevimus
440 2039 454 2062 ,
478 2012 584 2067 quod
600 2013 717 2063 vice,
742 2014 783 2054 δε
806 2011 897 2055 loco
922 2010 1229 2066 praedistorum⁴

224 2071 501 2116 Discretorum
517 2071 556 2113 in
578 2071 702 2112 tribus
730 2071 952 2113 Provinciis
976 2067 1229 2126 hujusmodi,

225 2130 323 2172 ficut
339 2128 590 2184 premittitur
605 2157 619 2180 ‚
640 2128 883 2172 sublatorum
895 2154 909 2175 ,
933 2129 970 2168 8(
987 2127 1228 2170 abolitorum

226 2184 472 2230 Definitores
488 2214 503 2235 ,
527 2197 648 2241 atque
666 2188 886 2235 Custodes,
912 2188 947 2226 &
977 2184 1228 2227 immediatus

226 2243 554 2286 ex-Provincialis
575 2244 808 2285 earumdem
834 2244 1130 2284 provinciarum
1157 2256 1227 2284 ιιι-,ι

226 2301 397 2357 ipsarum
424 2299 639 2356 respective
667 2301 942 2350 Definitoriis,
968 2302 1007 2342 ἃ.
1032 2299 1231 2346 Capitulis

227 2370 368 2402 votum
395 2359 589 2401 haberent
605 2387 619 2409 ,
639 2360 913 2414 dietat-umque
932 2358 1229 2399 provinciarum

228 2417 418 2472 Capitula
444 2416 497 2458 de
519 2416 748 2472 sesquianno
764 2417 802 2458 in
826 2416 1093 2472 sesquiannum
1116 2415 1228 2456 dein-

228 2488 322 2530 ceps
339 2474 534 2517 celebrari
551 2476 767 2526 deberent,
780 2476 820 2516 δι
833 2474 943 2524 alias,
957 2484 1073 2529 prout
1089 2474 1127 2514 in
1145 2471 1230 2516 aliis

225 2533 367 2578 nostris
381 2534 420 2574 in
438 2533 579 2574 eadem
595 2533 718 2575 forma
738 2534 874 2575 Brevis
890 2532 956 2574 die
975 2545 989 2574 ι
1001 2545 1037 2572 2.
1054 2538 1231 2585 ¹Septem·

225 2593 308 2635 bris
322 2589 502 2648 proxime
518 2591 702 2648 praeteriti
720 2591 888 2646 desuper
902 2591 1097 2632 emanatis
1115 2589 1230 2630 litte-

227 2651 281 2694 ris
298 2677 310 2700 ,
335 2663 499 2704 quarum
514 2679 528 2699 ,
551 2651 591 2691 δι
613 2650 742 2703 primo
760 2649 951 2691 dietat-um
980 2648 1229 2692 nostrarum,

226 2708 456 2750 litterarum
482 2717 640 2749 tenores
659 2708 908 2762 praesentibus
923 2720 997 2761 pro
1020 2705 1136 2760 plene
1151 2730 1166 2754 ‚
1191 2705 1228 2743 8:

227 2764 471 2808 sufficienter
486 2764 697 2818 expreffis,
726 2763 930 2808 &insertis
957 2764 1091 2805 haberi
1114 2762 1229 2802 volu-

229 2838 314 2868 mus
329 2851 342 2873 ,
374 2823 536 2864 uberius
561 2824 793 2865 continetur
815 2851 826 2862 .

285 2885 391 2924 Cum
407 2890 556 2927 autem,
571 2881 661 2922 ficut
672 2878 797 2922 dietus
811 2877 982 2932 Carolus
998 2879 1086 2919 Rex
1102 2875 1228 2918 Nobis

228 2953 354 2994 nuper
366 2938 498 2981 denuc>
513 2940 658 2989 exponi
673 2935 868 2991 fecit,ipse
880 2936 988 2978 binas
1000 2936 1156 2978 litteras
1171 2948 1236 2976 no·

231 2998 323 3039 ssras
339 2995 514 3051 praefatas
528 2992 1234 3049 adProvinciasAragonie,Valenti9‚

228 3052 949 3107 Cathatoniae‚50rdiniae‚&Majoricae
961 3051 1054 3094 dicti
1071 3051 1233 3093 Ordinis

230 3113 605 3166 FF.Capucinorum
621 3127 692 3168 per
707 3127 774 3154 nos
788 3111 951 3155 extendi
966 3106 1138 3164 plurimii
1164 3107 1232 3149 de·

228 3168 373 3213 fideret
385 3198 397 3210 .
420 3173 503 3213 Nos
519 3171 590 3224 piis
607 3170 782 3226 ejusdem
797 3169 936 3211 Caroli
958 3170 1080 3222 Regis
1100 3167 1201 3206 votis
1217 3193 1231 3216 ‚

226 3229 301 3270 hac
319 3228 356 3269 in
373 3241 436 3279 re,
447 3238 635 3283 quantum
649 3242 739 3271 cum
759 3227 930 3270 Domino
944 3224 1135 3280 possumus
1150 3251 1163 3273 ,
1176 3220 1233 3264 fa-

225 3285 463 3329 vorabiliter
487 3299 659 3329 annuere
691 3287 906 3334 volentes,
935 3281 1229 3339 supplicationi·

223 3344 296 3386 bus
312 3343 488 3397 ejusdem
501 3345 639 3386 Caroli
655 3346 776 3398 Regis
789 3344 950 3387 nomine
968 3342 1093 3384 Nobis
1111 3341 1201 3394 supe
1211 3353 1229 3380 r

225 3403 302 3445 hoc
319 3403 525 3444 humiliter
540 3403 732 3457 porterus
751 3401 955 3451 inclinati,
975 3400 1027 3441 de
1041 3402 1227 3451 Congre-

225 3461 392 3515 gatiouis
419 3461 698 3502 nonnullorum
724 3473 773 3502 ex
798 3457 1103 3501 Venerabilibus
1130 3459 1227 3498 Fra-

225 3517 352 3562 tribus
373 3519 525 3563 Nostris
546 3523 587 3562 S.
605 3521 656 3560 R.
671 3522 717 3562 E.
739 3516 1021 3562 Cardinalibus
1049 3517 1072 3559 ὲ
1098 3515 1224 3556 Nobis

223 3576 518 3631 particulariter
532 3577 731 3631 deputatae
744 3575 909 3619 confiiio
925 3604 940 3627 ‚
950 3575 1059 3620 binas
1074 3573 1222 3615 nostras

226 3633 382 3676 litteras
400 3635 639 3692 supradistas
653 3664 667 3687 ,
693 3635 905 3690 omniaque
920 3634 958 3675 in
974 3633 1051 3675 illis
1065 3628 1223 3686 dispofi-

225 3700 266 3734 ta
291 3692 425 3748 quoad
442 3694 669 3737 Provincias
691 3697 873 3737 fratrum
888 3691 1223 3747 Capucinorum.)

225 3750 428 3806 utriusque
450 3752 630 3796 castella
653 3753 802 3796 veteris
826 3749 1004 3802 scilicet,
1029 3750 1069 3789 δε
1091 3760 1223 3795 novae,

226 3821 300 3851 nec
322 3823 400 3852 non
418 3811 650 3859 Bethicam‚
679 3813 719 3852 &
745 3813 962 3860 Navarrae‚
986 3806 1035 3849 ad
1061 3807 1224 3855 Provin-

2085 307 2193 367 22
2208 313 2245 362 1·

1281 394 1361 435 cias
1375 395 1616 438 eorumdem
1630 395 2123 451 Fratmmcapucinorum
2134 398 2289 448 Arago-

1280 451 1387 502 οἰκ,
1411 453 1608 495 Valentia}
1625 481 1641 503 ,
1672 454 1919 497 cathaloniae
1935 480 1950 504 ‚
1980 454 2178 497 sardinia
2203 479 2218 503 ‚
2248 454 2291 494 δι

1285 508 1484 562 majorica
1498 535 1519 559 2
1540 512 1789 553 authoritate
1812 512 2069 567 Aupostolica,
2091 521 2289 559 tenor&
2373 549 2379 556 .

1285 564 1568 621 praesentium,
1589 569 1842 613 extendimus
1858 571 2010 623 pariter
2021 597 2037 620 ,
2061 570 2101 610 δι
2121 569 2290 623 amplia·-

1287 637 1399 674 mus,
1422 625 1698 667 decernentes.
1719 629 1874 670 easdem
1903 625 2113 680 praesentes
2132 625 2288 670 litteras

1285 682 1442 735 semper
1458 680 1588 724 firmas
1602 707 1617 730 ,
1643 682 1791 728 validas
1803 710 1820 733 s
1847 686 1886 725 δε
1902 684 2080 727 efficaces
2092 684 2295 735 existere-⁸

1285 740 1325 778 δι
1339 736 1427 779 fore
1440 765 1457 788 ‚
1486 738 1651 793 suosque
1677 739 1907 793 plenarios,
1935 744 1974 783 δε
1995 743 2173 796 integros
2194 740 2294 788 effe-

1285 798 1369 837 etus
1397 795 1559 846 sortiri,
1586 798 1624 837 &
1646 797 1861 847 obtinere,
1889 812 1935 840 ac
1964 798 2042 840 illis
2059 827 2074 849 ,
2108 798 2159 840 ad
2190 813 2293 865 quos

1285 850 1436 906 spenat
1452 881 1467 904 ‚
1486 855 1526 894 δι
1540 868 1612 908 pro
1625 864 1810 909 tempore
1822 855 2012 909 spefiabit
2027 885 2043 905 ,
2057 859 2096 899 in
2110 858 2311 900 omnibus.

1284 912 1324 952 δι
1348 925 1420 966 per
1434 913 1567 954 omnia
1599 911 1818 965 pleniffime
1843 912 2072 968 suffragari,
2101 915 2140 955 δι
2161 915 2209 960 ab
2237 914 2295 960 eis

1284 968 1507 1024 respective
1525 969 1816 1013 inviolabiliter
1829 970 2033 1013 observari
2045 983 2061 1022 3
2091 972 2307 1027 Sicqut.)⁴

1286 1025 1325 1069 in
1342 1026 1534 1082 praemiffis
1550 1040 1622 1079 per
1637 1029 1906 1083 quoscumque
1916 1028 2077 1083 Judices
2088 1056 2103 1078 ,
2121 1028 2305 1074 Ordina-

1289 1086 1367 1127 rios
1381 1112 1399 1135 ,
1425 1084 1730 1140 &Delegatoa,
1760 1086 1884 1127 ctiam
1905 1085 2122 1130 Causa-rum
2150 1085 2290 1129 Palatii

1288 1141 1746 1197 ApostoliciAuditores
1770 1141 1966 1199 judicari,
1991 1144 2030 1186 δι
2049 1142 2205 1187 definiri
2221 1143 2305 1187 de-

1287 1201 1409 1252 bere;
1433 1202 1654 1243 acirritum
1669 1229 1683 1251 ‚
1707 1201 1903 1252 &inane,
1926 1202 1950 1242 si
1977 1200 2090 1246 secus
2107 1199 2224 1256 super
2237 1199 2304 1241 his.

1287 1258 1308 1300 a
1321 1272 1516 1314 quoquam
1542 1261 1680 1314 quavis
1694 1259 1970 1308 authoritate,
1998 1258 2171 1304 scienter
2189 1285 2204 1312 ,
2231 1257 2298 1300 vel

1287 1318 1522 1372 ignoranter
1533 1317 1751 1372 contigerit
1770 1318 1963 1359 attentari
1980 1343 1991 1356 .
2024 1321 2122 1363 Non.
2141 1316 2304 1363 obstan«

1288 1377 1393 1416 tibus
1417 1373 1613 1428 praemiffis
1626 1402 1642 1425 ,
1662 1388 1709 1417 ac
1722 1375 2082 1421 Constitutionibus
2095 1404 2109 1425 2
2122 1376 2162 1420 86
2174 1373 2302 1417 Ordi-

1288 1433 1513 1476 nationibus
1530 1432 1765 1487 Apostolicis
1778 1459 1792 1481 a
1807 1446 1882 1477 nec
1898 1446 1977 1477 nott
1994 1434 2302 1476 Provinciarnm-

1286 1490 1326 1533 δι
1355 1489 1518 1532 Ordinis
1548 1488 1772 1545 hujusmodi
1798 1517 1813 1540 ,
1856 1489 1992 1534 aliisve
2022 1490 2294 1547 quibuslibet,

1288 1549 1412 1593 etiam
1432 1547 1660 1603 juramento
1678 1575 1692 1597 ,
1715 1546 2021 1591 confirmatione
2037 1548 2264 1603 apostoliea
2279 1563 2298 1596 ,-

1289 1606 1357 1649 vel
1379 1606 1518 1660 quavis
1532 1602 1726 1647 firmitate
1749 1604 1827 1646 alia
1850 1606 2045 1649 roboratis
2060 1606 2236 1651 statutis,
2261 1605 2300 1649 ὃς

1288 1663 1638 1706 consuetudinibus
1652 1689 1665 1713 ,
1695 1674 1771 1706 nec
1796 1676 1872 1704 uon
1886 1664 2070 1706 omnibus
2085 1665 2125 1708 ὃς
2138 1661 2300 1716 singulis

1289 1723 1398 1772 illis,
1422 1733 1508 1776 quae
1522 1721 1560 1762 in
1582 1718 1751 1776 praefatis
1766 1721 1909 1763 nostris
1934 1720 2082 1766 litteris
2108 1718 2302 1767 conceffi-

1290 1795 1374 1824 mus
1391 1794 1470 1821 non
1495 1779 1679 1829 obstare,
1705 1778 1947 1834 caeterisque
1978 1779 2189 1828 contrariis
2216 1778 2300 1834 qui.

1290 1836 1551 1893 bustumque.
1585 1835 1782 1879 Volumus
1802 1847 1935 1880 autem
1954 1864 1967 1887 ,
1999 1849 2040 1881 ut
2067 1837 2301 1884 earumdem

1289 1897 1536 1952 praesentium
1552 1894 1777 1937 litterarum
1795 1893 2068 1950 transumptis,
2081 1895 2149 1939 seu
2164 1908 2300 1940 exem.

1289 1956 1503 2009 plis,etia·m
1519 1951 1724 2008 impietus,
1740 1967 1857 1998 manu
1870 1952 2037 2006 alicujus
2055 1954 2212 1998 Notarii
2229 1966 2301 2006 pu·

1287 2014 1382 2054 blici
1407 2011 1662 2066 subscriptis,
1686 2012 1868 2066 &figillo
1891 2011 2068 2057 Personae
2094 2015 2131 2054 in
2158 2011 2303 2054 Ecclea

1289 2070 1435 2114 siastica
1457 2069 1655 2123 dignitate
1678 2070 1898 2114 constitutae
1910 2071 2075 2113 munitis
2092 2069 2304 2122 ,eadem

1291 2130 1449 2186 prorsus
1462 2127 1563 2169 fides
1577 2128 1616 2169 in
1640 2125 1817 2182 judicio,
1841 2129 1878 2171 &
1893 2137 2008 2171 extra
2031 2129 2301 2177 adhibeatur,
2328 2135 2331 2140 ⁴

1290 2201 1372 2242 quae
1398 2183 1650 2240 presentibus
1675 2185 1765 2239 ipfis
1785 2185 2078 2237 adhiberetur,
2111 2188 2139 2228 st
2164 2184 2305 2230 forent,

1291 2245 1477 2287 exhibita:
1491 2271 1507 2293 ,
1538 2241 1601 2284 vel
1623 2241 1777 2285 ostensa.-
1792 2271 1804 2284 .

1349 2304 1496 2343 Datum
1515 2302 1650 2343 Romae
1663 2301 1764 2353 apud
1778 2301 1818 2342 S.
1830 2301 2001 2345 Mariam
2017 2301 2214 2356 Maiorem
2230 2298 2300 2348 sub

1289 2359 1454 2401 Annulo
1483 2357 1691 2401 Piscatoris
1720 2359 1789 2402 die
1814 2372 1850 2399 v.
1881 2359 2034 2412 Aprilis
2070 2371 2299 2406 mucxctv.

1291 2415 1548 2460 pontificatus
1564 2415 1697 2456 Nostri
1713 2418 1833 2457 Anno
1854 2417 1980 2460 tertio
1993 2445 2004 2458 .

1625 2532 1658 2571 1.
1675 2531 1716 2571 F.
1732 2529 1855 2572 Card.
1873 2531 2048 2575 Albanus
2062 2559 2072 2573 .

1290 2822 1572 2872 Provinciam
1585 2855 1600 2877 ,
1623 2819 1835 2869 sardiniae
1849 2822 1956 2869 alizis
1972 2837 2271 2889 nuncupatam
2285 2855 2301 2878 ,

1362 2893 1406 2938 in
1424 2890 1533 2939 duas
1550 2888 1760 2940 videlicet
1781 2891 2086 2946 Calaritanam
2115 2890 2163 2941 ὅ(
2182 2891 2303 2940 Tur-

1363 2960 1558 3009 ritanam
1586 2959 1763 3016 dividi,
1799 2961 2025 3009 concedit.

1293 3098 1896 3150 INNOCENTIUS
1935 3099 2138 3148 PAPA
2174 3099 2298 3149 X11.

1459 3223 1528 3266 Ad
1541 3231 1768 3278 perpetuam
1792 3226 1851 3267 rei
1877 3222 2097 3264 memoriam
2111 3249 2124 3262 .

1391 3340 1425 3381 R
1441 3340 1479 3381 O
1505 3349 1620 3394 parte
1644 3339 1852 3382 chariffimi
1878 3339 1915 3381 in
1941 3337 2103 3381 Christo
2117 3335 2205 3381 Filii
2221 3351 2296 3381 no-

1404 3396 1468 3439 stri
1481 3395 1620 3440 Caroli
1646 3397 1920 3453 Hispaniarum
1945 3397 2064 3451 Regis
2091 3397 2293 3439 Catholici

1286 3454 1413 3495 Nobis
1438 3467 1565 3508 nuper
1589 3457 1730 3510 exponi
1755 3455 1852 3498 fecit
1878 3455 2044 3498 dilessus
2072 3454 2192 3497 Filius
2224 3469 2296 3496 no·

1283 3511 1375 3554 bilis
1386 3513 1460 3554 Vir
1475 3512 1687 3554 modernus
1704 3517 1792 3555 Dux
1805 3513 1860 3555 de
1870 3513 2030 3559 Medina
2044 3514 2180 3563 Coeli,
2195 3510 2293 3567 ejuss

1282 3571 1375 3613 dem
1400 3570 1540 3616 Caroli
1567 3570 1688 3624 Regis
1713 3571 1816 3626 apud
1831 3575 1916 3615 Nos
1930 3600 1944 3624 ,
1966 3573 2005 3613 δι
2019 3573 2163 3619 Sedem
2182 3575 2291 3625 Apo-

1282 3628 1457 3672 stolicam
1477 3631 1622 3670 Orator
1637 3657 1652 3678 ,
1675 3629 1779 3684 quod
1797 3657 1812 3678 ,
1833 3643 1922 3673 cum
1949 3629 1989 3671 in
2002 3630 2142 3686 Regno
2158 3628 2292 3671 Sardi-

1282 3687 1380 3736 niae,
1409 3685 1521 3737 cuius
1550 3685 1627 3740 ipse
1650 3687 1819 3730 Carolus
1848 3689 1972 3738 etiam
2005 3690 2094 3731 Rex
2131 3686 2289 3734 existit,

1283 3758 1359 3786 una
1383 3744 1577 3787 duntaxat
1605 3745 1809 3789 Provincia
1833 3748 2015 3788 Fratrum
2029 3743 2193 3787 Ordinis
2210 3744 2289 3785 Mi-

1282 3816 1428 3849 norum
1458 3805 1498 3846 S.
1514 3802 2016 3860 Francis'ciCapucinorum
2041 3811 2288 3855 nuncupato-

2147 3874 2233 3902 rum
