2664 4114
350 216 538 357 ribgsque
567 300 602 341 in
632 297 719 340 dies
744 292 1261 350 proficiantincrementis.
1296 294 1384 333 Ex-

343 364 440 419 poni
476 356 673 414 liquidem
703 355 828 397 Nobis
862 364 992 405 nuper
1025 349 1212 394 fecerunt
1241 350 1382 392 dileffl

343 420 438 464 Filii
457 421 739 459 Bonaventura
762 414 784 453 a
801 412 990 451 Ferraria
1008 410 1185 453 Minister
1201 438 1214 461 2
1232 424 1278 452 ac
1298 413 1383 452 De-

346 477 527 519 finitores
541 473 768 517 Generales
789 470 979 510 Fratrum
993 468 1157 510 Ordinis
1174 469 1382 511 Minoi-um

345 529 899 585 s-FrancisciCapucinorum
916 527 1386 581 nuncupatorum‚quod‚

347 608 441 635 cum
471 593 567 636 alias
586 592 726 643 vigore
757 585 963 643 cujusdam
981 585 1165 640 rescripti
1196 583 1268 626 fel.
1299 599 1383 628 rec.

347 651 555 693 Benedicti
575 647 792 691 PP.XIlI.
815 642 1120 688 Praedecessoris
1137 643 1272 686 Nostri
1290 657 1385 685 con-

349 708 497 751 ceffum
514 706 639 750 fuerit
655 705 892 747 Venerabili
911 703 1045 747 Fratri
1063 699 1384 758 archiepiscopo

344 765 563 810 Rossanen.
584 793 597 816 ,
630 771 676 807 ut
696 766 856 806 Fratres
869 762 961 804 dieii
977 761 1142 804 Ordinis
1158 764 1197 804 in
1212 759 1383 804 Confes·
1419 803 1421 805 ,

345 824 469 867 farios
498 823 730 866 ordinarios
757 823 1000 865 Monialium
1023 820 1258 864 Monasterii
1281 823 1382 862 San-

347 887 417 925 c‘tae
436 881 571 925 Clarae
586 881 779 926 Civitatis
794 879 1008 924 Rolsanen.
1023 879 1223 936 deputare
1239 876 1383 934 polset3

344 940 413 997 ipsi
437 944 701 998 Exponentes
725 940 767 982 id
793 939 948 989 menti,
981 942 1020 981 &
1042 937 1195 994 spiritui
1215 936 1383 991 Regula:

344 999 525 1057 ejusdem
556 999 842 1051 S-Francisci,
868 1013 986 1055 quam
1018 1000 1177 1040 Fratres
1204 994 1382 1050 praedicsti

342 1055 597 1115 profitentur
609 1089 622 1112 ‚
638 1058 842 1101 adversari
859 1058 1162 1100 considerantes
1178 1083 1192 1105 ‚
1213 1052 1381 1108 aliisque

343 1120 660 1162 rationabilibus
682 1132 733 1161 ex
757 1117 881 1161 caufis
903 1118 942 1159 in
967 1130 1112 1159 eorum
1134 1112 1379 1156 Definitorio

345 1178 543 1220 Generali
570 1175 774 1233 perpensis
805 1177 1039 1231 opportune
1067 1176 1104 1216 in
1131 1170 1327 1229 praemiffis
1356 1172 1379 1213 a

343 1240 476 1281 Nobis
506 1237 712 1293 provideri
731 1234 981 1290 summopere
998 1233 1227 1275 defiderant
1244 1260 1255 1270 .
1290 1233 1377 1273 Nos

345 1298 508 1338 eoidem
532 1300 786 1349 Pxponentes
812 1292 1050 1348 specialibus
1078 1291 1311 1339 favoribus,
1340 1289 1377 1329 δε

343 1358 482 1410 gratiis
500 1354 684 1410 prosequi
704 1354 890 1395 volentes
906 1382 919 1404 ‚
949 1351 1194 1405 illorumque
1211 1347 1380 1403 lingula-

340 1427 413 1455 res
443 1412 625 1466 personas
654 1409 892 1465 aquibusvis
919 1407 1379 1456 excommunicationis,

341 1469 634 1525 suspensionis,
667 1470 706 1508 δι
731 1466 935 1508 interdic'ii
952 1494 966 1518 ‚
994 1465 1164 1521 aliisque
1185 1464 1382 1508 Ecclefia-

340 1530 448 1573 sticis
478 1527 716 1577 sententiis,
743 1527 920 1568 censuris
940 1554 953 1577 ,
981 1527 1018 1566 &
1047 1525 1180 1581 poenis
1211 1526 1235 1568 a
1261 1522 1380 1581 jure,

340 1586 411 1629 vel
430 1590 479 1627 ab
497 1586 661 1627 homine
675 1586 816 1640 quavis
833 1584 1042 1627 occafione
1057 1614 1071 1637 ,
1103 1585 1170 1627 vel
1191 1583 1303 1626 causa
1319 1583 1376 1624 la-

342 1649 396 1688 tis
411 1676 425 1697 ,
440 1644 463 1686 fi
475 1644 618 1700 quibus
633 1644 943 1700 quomodolibet
959 1643 1163 1686 innodatae
1178 1643 1375 1692 existunt,

339 1704 393 1747 ad
410 1704 595 1747 effectum
608 1701 862 1758 praesentium
877 1704 1035 1746 tantum
1049 1705 1292 1758 consequen.
1308 1702 1377 1741 ba·

338 1779 430 1807 rum
458 1762 557 1806 serie
582 1759 868 1812 absolventes,
896 1764 936 1802 &
952 1760 1154 1803 absolutas
1177 1759 1267 1803 fore
1283 1773 1379 1801 cen-

336 1823 473 1866 sentes
486 1849 500 1870 ,
529 1820 885 1876 supplicationibus
903 1834 1045 1862 eorum
1061 1819 1227 1861 nomine
1248 1819 1377 1860 Nobis

333 1882 456 1939 super
487 1882 562 1924 hoc
594 1879 805 1923 humiliter
820 1879 1020 1936 porrectis
1048 1878 1257 1928 inclinati,
1281 1891 1377 1919 con-

333 1941 552 1986 ceffionem
570 1938 800 1996 supradicto
818 1937 1139 1994 Archiepiscopo
1156 1936 1374 1979 Roflanen.

331 2014 409 2056 per
439 2010 707 2043 memoratum
733 1997 998 2042 Benedie‘tum
1013 1993 1345 2039 Praedecessorem
1361 2023 1376 2048 ‚

332 2058 435 2102 ficut
456 2060 749 2116 praemittitur,
762 2058 906 2100 factam
919 2083 934 2104 a
951 2055 1102 2098 etiamsi
1121 2055 1373 2111 postmodum

332 2133 408 2174 per
441 2118 590 2158 sedem
620 2117 894 2172 Apostolicam
922 2114 1162 2157 confirmata
1194 2115 1375 2170 reperia—

334 2187 422 2226 tur,
435 2175 695 2219 Aueloritate
712 2172 961 2231 Apostolica,
978 2175 1120 2216 harum
1136 2172 1239 2216 serie
1255 2187 1373 2216 revo-

336 2248 472 2279 camus
490 2263 503 2286 ‚
532 2236 569 2276 δι
586 2235 825 2290 abrogamus
839 2264 850 2276 .
884 2235 1109 2284 Praeterea,
1134 2247 1187 2276 ne
1207 2236 1371 2276 Fratres

334 2295 512 2351 praedit‘ti
530 2294 697 2335 Ordinis
724 2295 762 2335 in
780 2292 1003 2335 Provinciis
1020 2292 1148 2335 Italiae
1168 2306 1272 2334 nunc
1288 2322 1302 2344 ,
1331 2294 1372 2335 &

334 2368 410 2409 pro
436 2364 623 2407 tempore
649 2352 868 2394 existentes
897 2352 917 2392 ὲ
934 2352 1246 2394 Venerabilibus
1275 2353 1373 2394 Fra-

335 2413 466 2455 tribus
486 2408 814 2466 Archiepiscopis
828 2437 842 2459 s
863 2410 1068 2466 Episcopis
1082 2438 1097 2461 ‚
1129 2408 1196 2453 seu
1210 2409 1371 2453 ducetis

339 2472 450 2515 Piliis
467 2472 650 2514 locorum
666 2469 896 2511 Ordinariis
917 2470 954 2511 in
971 2466 1245 2510 Confeffarz'os
1260 2470 1372 2511 ordi-

339 2532 473 2573 narios
491 2529 731 2575 Monialium
762 2529 907 2586 quovis
940 2530 1008 2571 sub
1022 2539 1221 2584 praetextu
1238 2557 1254 2580 ,
1277 2544 1373 2585 prae.

337 2598 523 2646 terquam
540 2619 554 2641 ‚
577 2591 643 2632 ubi
662 2603 735 2647 per
751 2589 911 2632 litteras
928 2587 1183 2644 Apostolicas
1199 2587 1372 2631 Confes·

342 2647 434 2704 sarii
460 2648 659 2707 ordinarii
683 2647 854 2707 alicujus
876 2647 1114 2694 Monasterii
1130 2647 1372 2693 Monialium

885 177 1415 262 Provincia
1478 167 2037 285 Cosentina.

1445 293 1745 343 Caput-inarum
1769 303 2094 344 nuncupatarum
2111 290 2295 333 destinati
2314 289 2477 345 forent,

1443 347 1640 402 deinceps
1656 350 1860 389 ullatenus
1876 350 2090 397 constitui,
2120 354 2184 393 leu
2204 352 2484 405 deputativa-

1446 406 1587 457 leant,
1615 408 1719 450 dit‘ta
1747 408 1991 450 auctoritate
2009 437 2023 460 ,
2052 421 2196 452 tenore
2226 407 2480 465 praesentium

1443 465 1655 507 statuimus
1671 495 1683 516 ,
1702 467 1741 506 &
1756 467 2023 521 prohibemus
2037 495 2048 507 .
2085 470 2372 512 Decernentes
2394 468 2482 510 eas—

1445 522 1540 565 dem
1556 525 1768 578 praesentes
1786 526 1949 568 litteras
1965 526 2124 581 semper
2141 527 2293 578 firmas,
2311 526 2478 580 validas,

1444 584 1483 623 δε
1509 582 1694 624 efficaces
1718 585 1891 626 existere
1908 613 1921 635 ,
1945 587 1981 625 ὃς
2006 583 2095 627 fore
2113 615 2128 637 ,
2153 586 2316 643 suosque
2336 586 2480 641 plena-

1445 642 1530 682 rios
1543 669 1559 690 ‚
1584 641 1623 680 &
1642 641 1823 698 integros
1845 642 2007 686 effeetus
2023 644 2184 697 sortiri,
2210 646 2450 688 &obtinere
2467 673 2482 698 ,

1445 713 1490 741 ac
1518 700 1568 740 ab
1599 699 1678 740 illis
1694 729 1708 752 2
1733 702 1782 744 ad
1807 716 1906 758 quos
1929 702 2077 758 speetat
2094 732 2107 755 ‚
2132 706 2172 746 δε
2199 718 2274 758 pro
2289 713 2478 758 tempore

1443 760 1768 815 quandocunque
1795 761 2018 816 speciabit,
2036 763 2075 804 in
2092 764 2279 806 omnibus
2295 791 2310 814 ‚
2341 763 2380 802 &
2404 775 2479 817 per

1442 818 1576 859 omnia
1609 815 1908 863 inviolabiliter
1936 821 2147 864 observari
2174 835 2189 876 ς,
2222 823 2373 876 Sicque
2392 847 2407 869 a
2437 821 2478 862 δε

1447 890 1524 918 non
1542 875 1662 916 aliter
1675 876 1712 918 in
1726 878 1922 933 praemissis
1935 893 2009 936 per
2023 878 2475 938 quoscumqueJudices

1445 933 1717 985 Ordinatios,
1743 938 1781 977 δι
1813 938 2062 992 Delegatos‚
2093 942 2218 983 etiam
2245 937 2476 984 Causarum

1444 991 1589 1034 Palatii
1610 992 1833 1046 Apostolici
1852 998 2072 1039 Auditores
2093 998 2265 1055 judicari
2280 1026 2294 1047 a
2316 1000 2356 1040 &
2372 996 2478 1040 defi-

1444 1051 1521 1092 niri
1537 1051 1693 1093 debere
1709 1079 1723 1102 ,
1751 1052 1970 1095 acirritum
1988 1084 2003 1105 ,
2019 1057 2058 1096 &
2076 1056 2219 1108 inane,
2240 1058 2264 1099 fi
2284 1057 2395 1100 secus
2410 1056 2475 1099 su-

1441 1123 1513 1165 per
1525 1111 1584 1151 his
1601 1111 1619 1152 ἑ
1633 1124 1836 1165 quoquam
1851 1114 1992 1167 quavis
2007 1116 2252 1157 auctoritate
2266 1115 2445 1159 scienter
2457 1144 2473 1167 ,

1441 1169 1504 1211 vel
1522 1170 1758 1223 ignoranter
1782 1171 2004 1227 contigerit
2032 1174 2228 1216 attentari
2244 1201 2256 1214 .
2291 1177 2384 1216 Non
2397 1176 2474 1216 ob-

1439 1228 1634 1271 stantibus
1667 1228 1863 1285 praemiffis
1885 1259 1901 1282 ‚
1920 1245 1976 1273 :ac
2003 1231 2374 1276 Constitutionibus
2391 1261 2406 1284 ‚
2436 1234 2477 1274 &

1440 1287 1779 1331 ordinationibus
1791 1289 2036 1345 Apostolicis
2051 1317 2066 1339 ,
2084 1303 2261 1343 necnon,
2274 1302 2474 1347 quatenus

1440 1360 1543 1401 opus
1567 1346 1612 1388 fit
1628 1375 1641 1399 ‚
1654 1347 1820 1390 Ordinis
1835 1350 1876 1389 &
1891 1348 2194 1392 Provinciarum
2214 1350 2470 1408 hujusmodi,

1441 1404 1580 1448 aliisve
1603 1404 1805 1462 quibusvis
1824 1408 1948 1450 etiam
1970 1409 2229 1466 juramento,
2255 1408 2473 1452 confirma·

1442 1463 1556 1506 tione
1570 1466 1798 1520 Apostolica
1813 1494 1828 1517 ,
1852 1467 1917 1509 vel
1943 1468 2082 1523 quavis
2098 1465 2292 1512 firmitate
2307 1467 2387 1511 alia
2403 1483 2471 1511 ro-

1440 1523 1590 1565 boratis
1606 1526 1776 1567 Statutis
1790 1555 1805 1578 ,
1835 1527 1873 1568 δε
1889 1526 2239 1569 consuetudinibus
2255 1554 2269 1577 2
2298 1527 2473 1582 privile-

1439 1583 1514 1637 giis
1536 1597 1698 1638 quoque
1712 1610 1726 1633 ‚
1750 1583 1914 1627 indultis
1930 1614 1945 1637 ‚
1970 1587 2009 1628 &
2022 1586 2187 1629 Litteris
2203 1586 2470 1644 Apostolicis,

1439 1643 1478 1682 in
1491 1643 1741 1684 contrarium
1750 1641 2036 1698 praemissorum
2047 1646 2361 1701 quomodolibet
2373 1659 2471 1688 con—

1439 1700 1577 1750 cenis,
1601 1699 1848 1744 confirmatis
1864 1731 1877 1755 ‚
1903 1703 2153 1747 &innovatis
2171 1731 2183 1745 .
2214 1704 2371 1763 Quibus
2386 1718 2470 1749 om.

1440 1759 1554 1801 nibus
1571 1789 1583 1811 ,
1609 1760 1850 1816 &singulis‚
1881 1761 2045 1804 illorum
2075 1773 2238 1805 tenores
2265 1762 2470 1819 praesenti-

1439 1818 1512 1861 bus
1528 1833 1602 1873 pro
1615 1819 1735 1874 plene
1749 1849 1763 1870 ,
1791 1822 1829 1861 ἃ
1853 1819 2098 1863 sufficienter
2112 1821 2300 1878 expressis
2315 1850 2328 1872 ‚
2351 1835 2398 1863 ac
2413 1822 2469 1866 de

1438 1878 1567 1920 verbo
1593 1877 1643 1919 ad
1663 1879 1834 1925 verbum
1854 1879 2012 1922 insertis
2027 1882 2252 1931 habentes,
2280 1881 2360 1923 illis
2373 1880 2470 1924 alias

1437 1936 1478 1977 in
1503 1936 1571 1977 suo
1596 1937 1744 1978 robore
1771 1937 2067 1992 permansuris,
2097 1939 2147 1980 ad
2175 1939 2470 1995 praemissorum«

1437 1994 1622 2039 effeffmm
1638 1998 1708 2038 hac
1727 1995 1817 2038 vice
1832 1996 2027 2039 duntaxat
2045 1996 2276 2052 specialiter
2291 2025 2306 2048 ,
2334 2000 2375 2040 &
2391 2013 2466 2042 ex-

1436 2053 1572 2110 presse
1594 2054 1840 2110 derogamus
1855 2085 1868 2108 ,
1893 2057 2122 2113 ceterisque
2145 2058 2361 2101 contrariis
2375 2058 2469 2114 qui-

1438 2115 1684 2170 buscumque
1698 2143 1708 2155 .
1745 2117 1894 2157 Datum
1913 2118 2049 2158 Romae
2062 2116 2165 2172 apud
2196 2121 2237 2160 S.
2253 2118 2465 2160 Mariam-a

1435 2172 1637 2230 Majorem
1664 2173 1734 2215 sub
1756 2175 1922 2217 Annulo
1949 2174 2162 2218 Piscatoris
2196 2175 2264 2220 die
2285 2189 2350 2218 xx
2370 2190 2461 2219 ιιι.

1436 2232 1533 2334 Maii
1552 2248 1585 2276 M
1601 2251 1629 2278 n
1646 2248 1669 2277 c
1683 2248 1707 2277 c
1722 2248 1745 2276 x
1757 2247 1783 2276 x
1795 2249 1821 2276 x
1834 2250 1862 2279 v
1874 2249 1913 2277 ι.
1939 2231 2207 2293 Pontificattis
2233 2235 2354 2279 nostri
2375 2236 2464 2279 Ana

1433 2306 1486 2335 no
1526 2302 1648 2337 exto.

1890 2415 1938 2456 F.
1955 2411 2088 2456 Card.
2105 2413 2312 2462 Oliverius
2330 2444 2344 2456 .

1491 2531 1617 2573 Breve
1632 2525 1857 2586 formatum
1882 2532 1926 2573 in
1946 2531 2116 2575 Archivo
2147 2533 2335 2575 Geni-ruli
2357 2534 2455 2575 Ord-

1545 2588 1589 2630 dc
1617 2602 1692 2643 quo
1721 2591 1878 2647 exempl·
1891 2591 2004 2637 autb.
2030 2589 2202 2652 imprff
2225 2594 2269 2639 in
2280 2591 2453 2638 Archivo

1545 2650 1758 2694 Provinciae
1771 2678 1785 2695 .

2252 3822 2384 3866 PRO·
