2618 4108
640 218 1163 310 Provincia
1222 221 1890 345 Meffane'nfis.
2140 262 2295 350 173

258 335 467 386 virtutem
493 336 558 385 ita
584 337 780 405 intenfitm
808 341 863 388 &¹
886 338 1086 404 incensam
1113 340 1204 407 lego
1228 374 1245 397 ,
1284 357 1330 389 ut
1347 343 1483 411 semel
1494 380 1511 402 ,
1549 346 1645 394 dum
1676 365 1743 393 ceu
1775 345 2060 399 Provincialis
2087 346 2341 401 ‘Provinciae

253 402 302 454 S.
331 406 487 473 Angeli
511 407 629 459 noilu
653 413 698 457 in
726 407 906 476 Ecclesia
920 407 1117 459 Fratrum
1142 427 1230 458 cum
1247 410 1313 462 Ῥ.
1342 413 1592 480 Hieronymo
1610 421 1636 465 α
1653 415 1803 466 Monte
1822 419 1990 470 Florum
2003 433 2099 466 tunc
2116 419 2338 488 &Ministro

251 474 454 525 Generale
479 491 620 543 preces
635 477 842 545 findebat
859 513 877 537 ,
911 481 1093 527 internus
1121 479 1289 533 Divina·
1321 484 1491 532 Amoris
1520 488 1628 548 aestus
1647 487 1862 553 scintillas
1898 505 2022 537 extra
2051 490 2159 539 teila
2185 491 2337 542 vibra-

251 560 318 594 ret
334 581 348 596 .
384 546 576 616 Dumque
605 566 814 598 accurrens
841 551 888 598 in
921 549 1170 614 adjutorium
1196 553 1368 618 populus
1401 558 1599 622 originem
1623 555 1805 623 flamme
1844 563 1954 607 inter
1987 558 2233 630 Monasterii
2258 576 2336 627 pa-

248 618 377 664 rietes
406 617 599 685 quqfivit
613 654 630 677 ,
660 618 778 668 illius
804 616 999 686 pabulum
1029 640 1084 671 ex
1109 635 1233 687 parte
1259 626 1304 670 in
1331 624 1448 675 corde
1466 623 1501 680 J
1502 630 1642 674 oannis
1669 624 1827 675 Mariae
1855 628 2102 695 HupefhHus
2132 636 2302 683 invenit
2316 667 2329 682 .

246 684 439 737 Mirum
469 688 562 737 inde
583 706 659 736 non
673 686 740 736 etl
759 722 776 749 ,
810 690 921 756 quod
947 694 1011 739 ita
1027 691 1251 741 Ardentem
1281 692 1452 760 Religio
1482 695 1611 760 nostra
1639 696 1696 742 ad
1712 701 1853 760 prima
1882 699 2036 766 Officia
2063 707 2293 752 vocaverit
2313 738 2331 762 ,

245 756 453 825 eidemque
479 759 704 825 generalem
737 758 929 826 gubernii
959 761 1129 815 cla-vum
1157 763 1374 811 contulerit
1402 797 1416 812 .
1454 762 1592 812 Tanto
1623 765 1824 815 humilior
1840 768 1936 834 fixit
1957 768 1991 825 J
1993 787 2133 819 oannes
2157 771 2331 823 Maria

245 844 303 875 ex
331 828 407 875 hoc
430 845 591 876 munere
608 861 625 886 ,
654 833 803 897 quanto
820 829 871 897 ft
894 829 1180 899 obligatiorem
1206 830 1283 898 ff
1312 830 1520 901 conspexit
1552 834 1602 882 de
1632 834 1833 884 reddenda
1862 842 2048 887 ratione:
2081 842 2178 888 hinc
2205 862 2329 894 cutm.

241 897 299 944 ό·
324 893 479 946 Sant‘lae
515 915 634 948 mem.
663 899 887 967 Gregorius
921 901 1036 968 Papa
1070 899 1220 953 XIII.
1260 900 1394 968 Caput
1423 902 1549 970 ipsius
1579 917 1782 969 purpureo
1814 905 1970 958 Galero
2008 908 2172 975 dignum
2197 914 2332 978 fimet

237 964 411 1034 dixtffit
433 1001 448 1024 ,
471 965 647 1023 Ioannes
678 968 830 1021 Maria
857 971 973 1021 illud
1005 972 1102 1022 rudi
1131 971 1309 1038 Capucio
1336 976 1363 1036 «ξ
1390 971 1483 1023 Deo
1498 1008 1516 1033 ‚
1546 974 1602 1024 &¹
1629 973 1777 1025 Sam‘io
1803 975 1932 1029 Patre
1964 977 2180 1048 francisco
2210 998 2328 1051 apta-

238 1048 326 1087 tum
348 1035 483 1104 fitiffi·
498 1072 514 1095 ,
549 1042 752 1107 extemplo
782 1041 957 1108 reposuit
973 1077 988 1090 .

378 1106 447 1158 Ut
469 1122 601 1157 autem
624 1115 671 1160 in
696 1111 899 1177 conspeilu
927 1112 1131 1160 hominum
1161 1113 1311 1162 ‘virtus
1332 1146 1349 1169 ,
1384 1129 1500 1179 quem
1517 1110 1698 1168 Ioannes
1723 1111 1874 1165 Maria
1890 1114 1971 1183 sub
1996 1117 2125 1166 modio
2151 1126 2284 1171 tenuit
2306 1158 2323 1182 ,

235 1179 370 1243 magis
399 1177 574 1232 clareret
589 1213 607 1234 ,
623 1179 824 1248 fignavit
850 1180 968 1229 illam
994 1179 1110 1231 Deus
1130 1181 1336 1252 prodigiis
1362 1188 1414 1233 Co
1442 1183 1544 1232 dono
1571 1183 1847 1247 praedit‘lionis
1861 1224 1878 1246 ‚
1913 1189 1967 1236 (7
2001 1204 2130 1237 morte
2159 1194 2205 1239 in
2232 1210 2323 1241 con-

221 1245 369 1312 spet‘lu
391 1246 472 1311 siro
497 1249 677 1315 pretiosa
690 1283 703 1297 .

372 1313 603 1365 Provincia
631 1319 715 1367 haec
742 1318 801 1368 ad
829 1328 944 1369 260.
977 1320 1182 1369 milliaria
1207 1323 1376 1390 extensa
1391 1358 1408 1382 ‚
1441 1324 1496 1377 Φ·
1521 1326 1630 1373 inter
1657 1324 2061 1393 Archiepifiopatum
2094 1324 2320 1397 M'fftnen-

217 1383 310 1452 [ἕνα
323 1420 343 1445 ,
371 1391 426 1436 &
451 1386 719 1456 Epifiopatus
749 1389 1010 1460 Catanensbm
1024 1426 1041 1450 ,
1073 1390 1407 1457 Cephaludanum
1424 1428 1441 1453 ,
1476 1393 1707 1465 PaHenftm
1737 1398 1794 1445 ύ·
1821 1396 2111 1463 Liparitanum
2138 1403 2318 1470 conclqfie

779 1526 989 1578 Numerat
1025 1528 1264 1581 Conventus
1296 1547 1423 1597 xxx
1436 1549 1556 1585 v111.

851 1598 1047 1665 Hospitia
1089 1620 1107 1649 1
1122 1618 1142 1652 1
1153 1635 1166 1648 .

846 1666 1100 1737 Monasteria
1115 1669 1372 1720 Martialium
1403 1690 1423 1725 1
1432 1707 1446 1725 .

797 1818 927 1835 —F

306 1910 1158 1956 PONTIFICIO

488 2026 616 2079 Vive
649 2031 772 2080 vocis
806 2030 966 2079 oraculo

214 2143 454 2194 Provincia
478 2163 533 2196 ex
558 2147 874 2198 Conventibus
888 2146 1132 2202 Meffanen.
1149 2150 1231 2199 eri·

283 2226 408 2282 gitur
423 2246 439 2262 .
789 2231 791 2233 ’

208 2329 338 2384 JUL!
357 2333 430 2375 US
460 2333 789 2378 ANTONIUS
827 2335 1228 2380 SANCTORIUS

498 2438 759 2485 Miser-atione
791 2440 939 2487 Divina

214 2554 318 2595 ΑΖΚ.
337 2556 376 2597 Ε.
407 2553 532 2598 Tituli
564 2558 698 2600 sanfli
725 2558 998 2602 Bartholomaei
1025 2559 1067 2600 in
1095 2559 1225 2616 Insula

267 2613 469 2667 Presbyter
494 2616 614 2658 Card.
642 2621 680 2658 s.
708 2621 897 2660 severinae
920 2618 1131 2674 appellatus
1149 2644 1164 2667 ,

309 2672 503 2714 Fratrum
515 2678 795 2728 capuanorum
809 2685 1122 2731 nuncupatorum

361 2732 515 2772 Ordmis
538 2736 740 2775 Minorum
773 2732 1067 2790 Viccproteffor.

334 2846 494 2890 Mnibus
519 2849 559 2889 ἃ.
581 2849 739 2903 lingulis
765 2849 1019 2904 praesentibus
1044 2850 1083 2893 &
1111 2849 1220 2890 futu-

358 2905 440 2956 ris,
455 2905 505 2948 ad
522 2921 621 2962 quos
637 2907 847 2960 praesentes
867 2908 999 2950 nostrae
1018 2919 1218 2961 pervene-

204 2960 313 3009 rint,
340 2960 404 3004 seu
423 2965 731 3018 quomodolibet
758 2966 1020 3023 spectaverint
1038 2993 1052 3015 ,
1076 2974 1215 3006 notum

205 3013 368 3060 facimus
389 3049 404 3072 ,
431 3024 471 3064 δι
495 3023 727 3067 attestamur
749 3052 762 3075 ,
790 3024 966 3080 qualiter
992 3022 1215 3065 hodierna„

204 3072 451 3134 infrascripta
477 3081 545 3124 die
575 3096 647 3137 per
663 3087 746 3126 Nos
765 3085 971 3140 exposito,
1003 3082 1214 3126 nomine-‚³

204 3131 440 3178 Reverendi
468 3140 594 3182 Patris
623 3142 806 3185 moderni
824 3141 974 3184 Vicarii
1003 3138 1214 3182 Generalis

203 3192 439 3237 eorumdem
457 3198 642 3240 Fratrum
655 3201 954 3254 Capucinorum
973 3194 1120 3251 praefati
1136 3197 1213 3237 Or-

202 3246 306 3289 dinis
333 3252 536 3297 Minorum
562 3256 686 3299 ssffio
711 3260 885 3301 Domino
903 3256 1046 3300 Nostro
1069 3258 1119 3297 D.
1139 3254 1212 3295 Pio

202 3304 350 3350 Divina
379 3312 638 3356 Providentia
668 3317 778 3372 Papae
805 3316 991 3377 Qinto,
1019 3313 1127 3368 quod
1155 3311 1209 3351 ob

201 3376 392 3418 urgentes
418 3370 551 3414 causas
581 3374 780 3416 Fratribus
809 3373 1105 3429 praenominatis
1136 3383 1208 3411 ex·

198 3423 338 3477 pediat
361 3430 615 3472 Provinciam
634 3431 805 3483 Siciliae,
832 3446 917 3488 quae
930 3445 1004 3473 una
1020 3430 1076 3472 est
1091 3458 1105 3482 ‚
1134 3428 1206 3470 in..-

200 3487 286 3523 tres
316 3482 442 3527 dividi
468 3488 697 3533 Provincias
721 3519 737 3543 ‚
765 3501 850 3534 tum
873 3517 888 3540 ,
917 3489 1010 3545 quia
1040 3496 1206 3544 propter

198 3539 498 3588 multitudinem
526 3550 726 3591 Locorum
749 3578 764 3600 ‚
802 3563 847 3591 ac
875 3550 1064 3590 Fratrum
1094 3545 1207 3603 distae

196 3597 448 3656 Provinciae,
478 3607 517 3648 ὅ(
547 3608 701 3650 itineris
727 3605 1049 3664 longitudinem,
1079 3606 1118 3645 δε
1148 3601 1208 3643 as·

196 3657 414 3707 peritatem
429 3664 494 3706 vix
508 3664 630 3714 semel
644 3667 683 3708 in
699 3680 802 3708 anno
820 3665 957 3707 unicus
975 3661 1205 3705 Provincia-

194 3711 245 3753 lis
269 3715 452 3769 pedester
471 3723 592 3778 ipsam
620 3723 818 3780 integram
843 3722 984 3765 sufficit
1010 3722 1201 3771 visitare3

195 3769 286 3814 cum
306 3774 421 3832 juxta
451 3774 781 3825 consuetudinem
816 3783 856 3825 ὅτ.
882 3778 1200 3825 Constitutiones

1292 1914 1488 1957 dictorum
1505 1917 1688 1960 Fratrum
1709 1926 1773 1962 ter
1797 1918 1836 1960 in
1862 1932 1967 1961 anno
1983 1918 2143 1961 vifitare
2166 1930 2309 1965 tenea-

1291 1983 1385 2026 tur3
1416 1983 1502 2015 tum
1528 1975 1655 2018 etiam
1670 2004 1683 2026 ,
1707 1977 1800 2032 quia
1823 1988 1988 2032 propter
2005 1979 2224 2021 Provinciae
2250 1980 2310 2023 la-

1289 2031 1507 2075 titudinem
1522 2033 1685 2078 Fratres
1713 2034 1919 2090 pedestres
1958 2034 2008 2077 ad
2038 2037 2311 2090 Capitulum,

1286 2088 1407 2137 facile
1435 2102 1641 2147 nequeunt
1671 2093 1892 2138 convenire
1917 2106 1933 2145 3
1978 2103 2066 2136 tum
2096 2094 2273 2153 denique
2292 2124 2308 2149 ,

1289 2149 1382 2204 quia
1414 2149 1760 2206 fine'pecuniariis
1789 2150 1974 2207 impenfis
2003 2151 2025 2209 (
2041 2153 2148 2208 quod
2176 2157 2307 2198 maxi-

1289 2207 1354 2247 me
1369 2207 1541 2261 ipsorum
1562 2210 1724 2263 Regula
1750 2210 1980 2266 abhorret)
2013 2212 2309 2257 Provincialia„

1288 2265 1481 2318 Capitula
1508 2277 1676 2321 propter
1706 2268 2032 2313 convenientium
2057 2269 2107 2310 ad
2134 2283 2180 2310 ea
2211 2274 2310 2314 Fra..

1288 2330 1396 2365 trum
1423 2323 1729 2368 multitudinem
1756 2326 1977 2367 commode
2000 2325 2198 2368 celebrari
2223 2343 2306 2372 non

1285 2378 1438 2434 polsunt
1456 2409 1468 2421 .
1493 2382 1648 2425 Verum
1663 2411 1677 2434 ,
1694 2382 1785 2438 quia
1803 2382 1872 2424 fel.
1889 2397 1970 2425 rec.
1987 2383 2179 2426 Nicolaus
2198 2390 2302 2442 Papa

1285 2440 1466 2494 Qartus
1493 2440 1700 2491 prohibuit
1727 2441 1766 2481 in
1790 2441 1948 2482 Ordine
1974 2443 2157 2483 Fratrum
2175 2447 2308 2486 Mino-

1285 2508 1372 2537 rum
1400 2495 1611 2539 divisiones
1637 2498 1946 2540 Provinciarum
1973 2497 2059 2540 fieri
2084 2501 2164 2540 fine
2187 2503 2304 2546 sedis

1284 2553 1525 2608 Apostolicae
1547 2555 1712 2598 licentia
1731 2555 1892 2611 speciali
1911 2569 1983 2611 per
1997 2566 2184 2610 patentes
2208 2559 2304 2604 lite..

1284 2624 1348 2652 ras
1366 2611 1557 2654 facientes
1574 2613 1628 2658 de
1649 2613 1876 2671 hujusmodi
1899 2615 2175 2669 prohibitione
2191 2631 2302 2660 men-

1283 2669 1434 2711 tionem
1455 2683 1473 2726 3
1511 2672 1550 2712 &
1575 2670 1669 2714 ideo
1697 2686 1768 2727 pro
1795 2683 1912 2728 parte
1940 2671 2120 2729 ejusdem
2147 2675 2300 2720 vicarii

1280 2729 1497 2773 Generalis
1522 2730 1833 2784 supplicavimus
1847 2731 2096 2778 Beatitudini
2113 2738 2198 2776 suae
2215 2762 2228 2785 ‚
2251 2744 2299 2777 ut

1279 2785 1503 2841 hujusmodi
1530 2787 1824 2842 permistionem
1850 2790 1891 2830 &
1914 2789 2118 2835 licentiam
2145 2806 2219 2847 pro
2236 2792 2297 2835 su-

1279 2845 1463 2898 pradietae
1479 2846 1695 2887 Provinciae
1717 2845 1911 2893 divisione
1925 2849 1977 2890 de
2004 2849 2294 2904 benignitate,

1277 2902 1508 2956 Apostolica
1541 2905 1772 2947 concedere
1804 2905 2041 2959 dignaretur
2054 2919 2073 2959 ;‚
2103 2909 2293 2951 sanctitas

1275 2969 1415 3000 autem
1442 2964 1519 3003 Sua
1545 2987 1559 3011 ‚
1589 2957 1780 3016 praemiffae
1807 2964 1991 3017 petitioni
2021 2964 2192 3017 benigne
2221 2979 2291 3008 an-

1275 3013 1398 3062 nuens
1413 3043 1427 3066 2
1461 3018 1572 3059 vivae
1594 3022 1704 3063 vocis
1727 3021 1893 3066 oraculo
1920 3021 2045 3063 Nobis
2073 3020 2176 3066 fauo,
2189 3036 2290 3065 con-

1275 3074 1381 3117 ceffit
1395 3105 1410 3126 ,
1437 3076 1679 3128 &,indulfit‚
1708 3079 1964 3120 Provinciam
1978 3078 2119 3121 Siciliae
2138 3093 2286 3132 praeno-

1272 3133 1462 3176 minatam
1478 3134 1516 3175 in
1534 3143 1618 3176 tres
1637 3135 1861 3178 Provincias
1878 3166 1892 3187 ,
1920 3146 2037 3190 prout
2054 3136 2198 3179 melius
2216 3139 2287 3181 Vi·

1272 3193 1383 3234 cario
1410 3192 1574 3247 praefato
1600 3193 1639 3232 &
1665 3193 1855 3247 Capitulo
1882 3194 2124 3237 Provinciali
2159 3195 2283 3240 visum

1270 3249 1419 3298 fuerit,
1443 3250 1600 3300 dividi,
1623 3251 1661 3291 &
1683 3251 1824 3303 partiri
1849 3251 2032 3305 debere;
2062 3266 2176 3307 quam
2190 3256 2283 3311 qui-

1268 3307 1362 3348 dem
1390 3308 1594 3349 licentiam
1616 3336 1630 3359 ,
1666 3309 1706 3348 &
1733 3309 2022 3363 permistionem
2053 3311 2180 3354 voluit
2207 3327 2279 3368 per

1268 3363 1492 3419 hujusmodi
1507 3366 1728 3408 Oraculum
1748 3367 1920 3412 nostrum
1935 3395 1950 3419 ³
1970 3379 2037 3412 aut
2058 3384 2132 3426 per
2148 3373 2280 3417 Breve

1269 3424 1493 3469 Sanctitatis
1509 3427 1592 3468 Suae
1608 3423 1713 3479 posse
1733 3427 1914 3480 expediri
1927 3456 1940 3469 .
1971 3430 2065 3470 Non
2087 3428 2281 3473 obstanti-

1268 3483 1339 3524 bus
1355 3482 1483 3524 literis
1497 3509 1511 3532 ‚
1533 3481 1597 3524 seu
1614 3481 1884 3536 prohibitione
1900 3485 2060 3529 Nicolai
2076 3490 2186 3543 P-apae
2200 3490 2276 3530 IV.

1267 3541 1499 3583 memoratis
1514 3569 1530 3590 ‚
1553 3540 1692 3581 &ali-is
1710 3541 1748 3582 in
1769 3545 2017 3587 contrari-um
2040 3542 2276 3588 facientibus

1266 3599 1582 3654 quibuscumque
1597 3626 1609 3638 .
1642 3599 1688 3640 ln
1703 3613 1878 3655 quorum
1893 3604 2068 3649 omnium
2093 3606 2133 3645 δι
2147 3603 2275 3659 fingu-

1267 3658 1397 3703 lorum
1413 3656 1532 3701 fidem
1561 3657 1629 3698 has
1655 3657 1804 3702 nostras
1824 3659 1909 3703 fieri
1930 3660 2097 3708 fecimus
2113 3690 2126 3716 ,
2156 3675 2273 3702 manu

1262 3716 1392 3759 nostra
1421 3714 1685 3769 subscriptas,
1716 3730 1764 3760 ac
1791 3720 1909 3761 nostri
1935 3718 2115 3762 conflicti
2141 3717 2273 3771 sigilli

1259 3772 1498 3831 appenfione
1512 3775 1687 3817 munitas
1705 3803 1717 3817 .
1748 3777 1899 3820 Datum
1912 3778 2046 3822 Romae
2062 3780 2101 3820 in
2103 3775 2272 3877 Kalatio

2146 3848 2217 3889 po-
