2664 4114
317 366 402 399 mus
420 382 434 403 ι,
457 362 654 410 quatenus
683 351 861 400 vocatis,
893 350 958 404 qui
985 348 1139 392 fuerint
1166 363 1340 391 evocan-

317 412 391 464 di,
418 416 470 455 de
491 410 687 466 praemiffis
703 410 918 461 diligenter
934 411 995 449 Te
1012 407 1207 449 informes
1223 435 1238 456 ,
1260 409 1296 448 &
1314 406 1338 447 fi

319 483 391 522 per
422 468 744 512 informationem
775 465 997 521 hujusmodi
1026 467 1081 507 ita
1113 462 1193 506 effe
1221 479 1339 519 repe-

319 533 425 575 ries,
454 526 724 571 Concordiam
740 524 961 577 praedietam
977 553 991 576 ‚
1017 524 1202 577 illiusque
1229 526 1308 564 vim
1325 549 1339 572 ,

321 583 487 628 sormam
502 615 518 636 ,
544 582 828 624 continentiam
847 609 862 632 ,
885 584 923 624 δι
939 593 1127 625 tenorem
1142 582 1245 622 difta
1269 594 1341 621 au-

318 647 505 685 ctoritate
521 641 661 683 Nostra
682 641 882 695 approbes
898 669 912 692 ,
938 640 1203 683 &confirmes
1220 667 1233 690 ,
1263 638 1342 679 illi·

320 716 397 756 que
414 709 615 755 perpetuae
630 727 644 750 ,
668 700 709 739 δε
735 698 977 741 inviolabilis
993 699 1194 741 firmitatis
1220 697 1343 739 robur

321 758 480 814 adijcias
497 786 510 808 ‚
530 771 574 797 ac
590 771 727 798 omnes
743 785 756 808 ,
782 759 819 799 ὃς
839 757 1111 815 quoscumque
1130 766 1210 799 tam
1227 755 1342 812 juris,

319 821 437 871 quam
460 814 550 857 sacti
570 815 755 857 defenus
772 817 997 870 cognatos,
1028 816 1094 858 vel
1122 829 1203 857 non
1231 814 1345 867 cogi-

321 885 423 916 tatos
439 901 453 924 ,
479 873 501 915 fi
523 874 589 929 qui
612 874 920 928 principaliter,
949 874 1016 918 vel
1046 871 1258 915 accefforie
1287 873 1344 912 in-

321 933 573 975 tervenerint
588 933 654 982 ,in
676 932 825 974 eisdem
847 931 1050 987 suppleas.
1068 934 1120 973 Et
1145 929 1347 973 nihilomi-

319 1004 391 1034 nus
417 991 608 1032 unionem
625 1018 638 1041 ‚
663 991 959 1042 annexionem,
989 992 1027 1031 &
1054 987 1347 1045 incorporatio-

320 1063 412 1092 nem
431 1048 639 1104 praedietas
654 1049 901 1091 authoritate
915 1049 1046 1092 nostra
1065 1047 1265 1104 perpetuo
1278 1045 1349 1087 dis·

319 1107 448 1150 solvas
472 1134 485 1156 ,
517 1121 561 1149 ac
577 1105 723 1148 dinam
742 1106 959 1149 Ecclesiam
978 1135 992 1158 ,
1016 1121 1099 1163 quae
1116 1105 1196 1148 fine
1220 1117 1344 1148 cura-2

320 1166 377 1208 est
391 1191 406 1213 ,
437 1165 515 1207 sive
532 1179 606 1219 per
621 1164 919 1207 dissolutionem
938 1163 1191 1220 hujusmodi,
1217 1162 1349 1205 sive..)

321 1224 402 1266 alio
419 1225 558 1279 quovis
577 1223 695 1265 modo
711 1252 723 1274 ,
747 1233 815 1265 aut
832 1237 880 1264 ex
898 1223 1065 1267 alterius
1082 1222 1348 1275 cujuscunque

320 1282 513 1338 persona,
540 1281 608 1323 seu
634 1295 709 1336 per
729 1281 897 1323 liberam
925 1280 1230 1337 resignationem
1254 1278 1363 1326 dini*

316 1338 477 1397 Josephi
494 1368 508 1391 ‚
541 1339 606 1380 vel
632 1338 798 1395 cujusvis
824 1340 992 1381 alterius
1011 1340 1062 1380 de
1086 1338 1153 1380 illa
1180 1340 1221 1379 in
1244 1337 1346 1379 dieta

318 1398 444 1441 Curia
464 1424 478 1447 ,
507 1396 570 1437 vel
588 1407 700 1438 extra
725 1410 812 1438 eam
829 1425 842 1446 ,
868 1398 990 1439 etiam
1010 1411 1144 1439 coram
1172 1395 1346 1438 Notario

319 1456 541 1513 publico,&
556 1454 718 1496 testibus
737 1453 877 1510 sponte
895 1456 1033 1498 fac'tam
1047 1463 1178 1506 vacet,
1192 1453 1345 1496 etiamsi

320 1524 434 1556 tanto
449 1523 635 1567 tempore
653 1514 858 1555 vacaverit
873 1541 887 1564 ,
915 1512 1020 1569 quod
1038 1513 1124 1571 ejus
1149 1512 1317 1555 collatio
1330 1537 1344 1560 ,

317 1572 430 1630 juxta
445 1571 829 1614 Lateranen.statuta
845 1573 1022 1614 Concilii
1038 1571 1238 1614 adSedem
1251 1584 1345 1626 prae-

320 1632 463 1674 dietam
479 1629 660 1685 legitime
678 1630 887 1681 devoluta,
902 1631 1061 1687 ipsaque
1079 1629 1253 1673 Ecclesia
1269 1629 1343 1671 dis·

319 1688 502 1745 positioni
523 1688 757 1743 Apostolicae
781 1688 1007 1743 specialiter
1034 1688 1235 1731 reservata
1257 1688 1344 1730 exi-

323 1749 396 1789 ssat
413 1776 427 1798 ,
453 1748 492 1787 &
514 1746 629 1801 super
647 1761 691 1788 ea
711 1746 816 1789 inter
830 1747 982 1802 aliquos
999 1746 1101 1789 alios
1126 1746 1174 1788 lis
1188 1775 1203 1798 ,
1234 1750 1342 1802 cujus

323 1806 466 1848 statum
497 1804 755 1860 praesentibus
789 1806 923 1848 haberi
957 1807 1139 1848 volumus
1171 1820 1244 1862 pro
1274 1820 1342 1848 ex-

318 1863 451 1920 presso
466 1892 479 1914 ,
508 1862 682 1918 pendeat
699 1862 869 1906 indecisa
885 1894 897 1915 ‚
921 1864 1145 1906 dummodo
1159 1875 1344 1921 tempore

318 1923 502 1964 datarum
522 1917 776 1977 praesentium
795 1935 871 1965 non
890 1922 933 1965 fit
949 1924 988 1965 in
1001 1937 1046 1966 ea
1061 1923 1179 1965 alicui
1198 1923 1344 1979 specia-

323 1981 423 2023 liter
455 1979 515 2036 jus
546 1980 881 2035 quaefitum,cum
914 1982 1076 2024 annexis
1093 1980 1340 2038 hujusmodi,

323 2052 398 2080 nec
425 2051 504 2079 non
525 2036 752 2082 lufirmarizi
776 2038 937 2095 antiqufi
965 2066 980 2088 ,
1016 2054 1059 2082 ac
1089 2042 1247 2091 Domo,
1277 2041 1343 2081 leu

325 2095 522 2139 Domibus
539 2123 552 2146 ,
577 2097 616 2136 &
643 2097 832 2137 Terreno
854 2126 867 2147 ,
897 2095 1062 2154 aliisque
1092 2098 1272 2154 juribus,
1304 2099 1343 2138 &

318 2154 573 2210 pertinentiis
604 2152 680 2195 suis
705 2154 725 2195 εὶ
753 2155 855 2197 dieta
885 2159 1019 2199 Domo
1049 2157 1245 2212 Regulari
1272 2172 1341 2200 au-

319 2213 518 2255 thoritate
548 2212 679 2255 nostra
705 2212 867 2268 praesata
894 2216 1016 2257 etiam
1042 2217 1242 2271 perpetuo
1264 2216 1339 2259 dis-

317 2272 550 2321 membres,
583 2272 620 2312 &
646 2270 831 2327 separeS,
862 2273 1052 2329 illamque
1078 2274 1127 2316 fic
1151 2274 1337 2317 dismem-

323 2331 479 2373 bratam
497 2356 509 2380 ‚
534 2329 573 2369 &
588 2327 809 2383 separatam
824 2331 954 2373 eidem
975 2332 1175 2388 Hospitali
1196 2336 1336 2376 autho-

322 2389 444 2430 ritate
462 2386 591 2429 nostra
617 2390 800 2442 praedieta
818 2391 1016 2445 perpetuo
1046 2391 1243 2435 concedas
1259 2421 1273 2444 ,
1298 2396 1338 2434 &

318 2445 483 2501 affignes
498 2471 512 2494 ,
540 2446 594 2487 ita
610 2447 719 2502 quod
738 2448 860 2490 liceat
878 2449 986 2491 illius
1004 2451 1246 2494 Refloribus
1260 2482 1274 2503 ,
1300 2454 1340 2494 &

318 2505 675 2549 Gubernatoribus
690 2521 811 2554 nunc,
825 2508 864 2547 &
884 2522 957 2564 pro
972 2519 1156 2564 tempore
1170 2511 1340 2553 existen-

320 2564 428 2605 tibus
451 2576 522 2617 per
547 2558 586 2604 se
604 2592 619 2614 ,
650 2563 715 2606 vel
733 2565 882 2616 alium,
904 2566 970 2609 seu
991 2567 1091 2610 alios
1119 2567 1210 2610 dini
1238 2568 1341 2611 Hos-

318 2620 456 2674 pitalis
473 2621 635 2662 nomine
650 2623 899 2676 corporalem
916 2651 931 2674 ,
953 2624 1104 2666 realem
1122 2654 1134 2677 ,
1149 2628 1186 2668 δι
1209 2631 1338 2670 aetua-

316 2678 400 2720 lem
431 2675 699 2732 poffeffionem
719 2678 903 2722 Ecclefiae
924 2709 939 2731 ,
969 2683 1009 2722 &
1033 2685 1200 2739 antiquae
1223 2684 1338 2728 Infir-

318 2735 482 2784 mariae,
508 2749 581 2777 nec
610 2749 690 2778 non
719 2737 870 2780 Domus
888 2768 904 2790 ,
930 2740 968 2780 δε
998 2742 1222 2785 Domorum
1245 2772 1259 2795 ,
1291 2759 1334 2787 ac

317 2793 526 2835 terreni&
539 2793 867 2848 pertinentiarum
883 2797 1159 2852 praedifilarum
1172 2804 1332 2858 propria

315 2851 563 2894 authoritate
591 2851 718 2894 libere
749 2857 1058 2910 apprehendere
1080 2888 1094 2910 ‚
1125 2861 1164 2901 &
1185 2874 1332 2917 appre-

317 2907 483 2952 hensam
509 2913 707 2965 perpetuo
734 2913 912 2956 retinere
929 2943 943 2966 ‚
975 2915 1221 2974 illorumque
1246 2919 1331 2962 fru-

317 2972 399 3010 etus
413 2996 429 3018 ,
448 2967 632 3010 redditus
647 2997 662 3020 ,
684 2971 719 3010 δι
735 2981 956 3026 proventus
969 2977 1080 3030 ,jura
1094 3005 1108 3027 ,
1120 2978 1330 3021 obventio·

315 3040 388 3070 nes
404 3054 418 3077 ,
442 3027 482 3067 &
503 3026 775 3070 emolumenta
799 3044 1056 3087 quaecumque
1071 3035 1156 3090 post
1172 3037 1328 3080 obitum

317 3085 410 3126 disti
426 3085 594 3127 Antonii
621 3086 830 3141 percipere
848 3117 862 3140 ,
888 3089 1112 3145 colligere,
1139 3095 1330 3149 exigere,

319 3143 359 3182 δι
373 3142 509 3185 levare
522 3173 538 3194 ,
561 3145 661 3185 acin
677 3143 770 3186 dic‘ti
785 3148 1002 3202 Hospitalis
1028 3150 1113 3191 usus
1128 3179 1142 3202 ,
1165 3153 1204 3193 δε
1218 3154 1328 3197 utili-

322 3208 445 3240 tatem
458 3212 700 3245 eonvertere
711 3231 726 3255 ,
737 3205 777 3245 &
790 3204 935 3248 eodem
946 3208 1129 3251 Antonio
1145 3210 1224 3252 vita
1240 3209 1328 3255 fun-

323 3259 387 3296 cto
403 3283 417 3305 ,
446 3258 663 3301 Ecclefiam
686 3263 911 3316 praedic'tam
941 3266 1183 3320 profanare,
1213 3270 1252 3310 &
1275 3270 1325 3313 ad

324 3312 512 3378 profanos
528 3315 615 3358 usus
630 3342 645 3364 ,
665 3333 742 3362 non
766 3330 902 3365 tamen
920 3323 1127 3377 sordidos,
1151 3327 1325 3371 reduce-

327 3382 372 3411 re
393 3396 407 3434 ,
439 3370 618 3438 illiusque
649 3389 877 3432 coementa,
905 3381 1034 3426 trabes
1051 3410 1066 3435 ,
1091 3384 1236 3429 rudera
1252 3415 1265 3438 ,
1290 3390 1332 3430 δε

327 3426 522 3483 reliquam
537 3429 640 3476 illius
657 3438 871 3483 maceriem
885 3439 1068 3487 (imiliter
1080 3443 1122 3489 in
1135 3445 1219 3488 usus
1232 3445 1328 3504 ejus:

1090 231 1624 323 Provincia

1399 351 1492 391 dem
1512 342 1734 400 Hospitalis
1766 349 2016 386 convertere
2031 370 2046 394 ,
2062 345 2285 390 Dioecesani
2303 345 2398 388 Loci
2415 373 2430 396 ,

1400 408 1464 448 vel
1488 404 1664 456 cujusvis
1690 402 1859 443 alterius
1882 400 2044 444 licentia
2070 402 2239 460 desuper
2267 403 2430 445 minime

1399 461 1594 519 requisita
1613 489 1626 510 ,
1649 474 1740 501 cum
1759 461 1835 501 hoc
1853 470 1986 501 tamen
2004 488 2018 510 ,
2044 462 2150 513 quod
2177 464 2308 505 omnia
2331 475 2428 503 one-

1400 538 1444 564 ra
1464 521 1577 561 dietae
1597 515 1783 559 Ecclefiae
1799 518 2075 559 incumbentia
2094 533 2165 574 per
2180 533 2302 563 unum
2317 524 2428 574 Cap-

1401 579 1607 635 pellanum
1625 589 1695 630 per
1711 589 1779 618 eos
1804 576 2040 632 eligendum
2059 604 2071 627 ,
2095 579 2134 618 &
2149 581 2198 620 ab
2209 578 2427 619 Ordinario

1403 637 1504 680 Loci
1523 633 1852 691 approbandum,
1875 633 2119 690 adimpleri,
2146 638 2182 678 &
2201 635 2427 691 supportari

1405 695 1540 738 facere
1554 723 1569 744 ,
1590 691 1752 748 ipseque
1765 692 2040 748 cappellanus
2055 707 2130 748 pro
2145 705 2329 749 tempore
2346 693 2430 735 exi-

1404 755 1507 796 stens
1529 764 1673 808 preces
1695 750 1745 792 ad
1763 753 2099 806 Omnipotentem
2116 767 2188 808 pro
2203 751 2429 794 Animabus

1408 811 1683 856 Fundatorum
1700 809 1810 851 distae
1826 810 2004 853 Ecclefiae
2018 811 2056 854 in
2072 825 2151 853 uno
2165 810 2430 854 exAltaribus

1409 869 1595 914 Ecclefiae
1610 867 1705 909 dieti
1721 867 1937 924 Hospitalis
1952 871 2146 914 continuo
2169 869 2338 912 fundere
2361 868 2432 911 de·

1409 930 1505 971 beat
1523 956 1538 979 ,
1559 929 1597 968 &
1614 935 1802 969 teneatur
1816 954 1828 966 .
1855 928 2055 970 Praeterea
2075 928 2159 985 ipfis
2177 926 2429 973 Guardiano,

1410 989 1447 1028 δι
1463 985 1670 1028 Fratribus
1700 999 1804 1028 nunc
1818 1014 1833 1035 ,
1857 986 1897 1026 &
1917 1000 1991 1041 pro
2013 996 2195 1042 tempore
2225 985 2431 1028 existenti-

1410 1046 1481 1088 bus
1493 1072 1507 1096 ,
1533 1054 1576 1087 ut
1590 1043 1732 1086 dislam
1745 1057 1892 1086 novam
1908 1043 2170 1086 Infirmariam
2186 1072 2200 1096 ,
2221 1045 2430 1098 postquam

1413 1104 1599 1146 instructa
1625 1104 1664 1143 &
1685 1101 1876 1145 aedificata
1904 1099 2025 1144 fuerit
2051 1129 2066 1152 ,
2092 1103 2303 1157 recipere,
2328 1102 2365 1142 δι
2384 1101 2429 1144 il·

1410 1162 1487 1205 lam
1504 1161 1702 1218 perpetuo
1725 1159 1867 1203 futuris
1893 1161 2142 1216 temporibus
2166 1161 2395 1203 inhabitare
2411 1186 2428 1211 ,
2447 1199 2453 1204 .

1410 1232 1537 1276 eaque
1554 1218 1631 1262 frui
1646 1249 1660 1271 ,
1680 1221 1719 1260 &
1733 1220 1913 1275 gaudere
1943 1220 2070 1263 libere
2092 1222 2131 1261 &
2156 1219 2268 1261 licite
2283 1217 2429 1274 poffint

1410 1282 1447 1320 δε
1478 1277 1664 1328 valeant,
1691 1277 1794 1320 dic'ta
1817 1278 2067 1321 authoritate
2101 1277 2236 1320 nostra
2268 1278 2425 1322 etiam-2

1408 1336 1609 1380 concedas
1637 1338 1673 1377 &
1699 1336 1906 1391 indulgeas
1922 1365 1933 1377 .
1967 1341 2061 1380 Non
2085 1336 2329 1378 obstantibus
2352 1337 2426 1391 piae

1408 1409 1527 1438 mem.
1543 1393 1733 1437 Bonifacii
1751 1397 1863 1450 Papae
1881 1397 1998 1438 VIII.
2022 1397 2144 1438 etiam
2162 1391 2427 1437 Praedeeeffo·

1406 1456 1460 1497 ris
1479 1454 1626 1504 nostri,
1647 1455 1687 1494 δι
1701 1453 1785 1496 aliis
1799 1455 2041 1509 Apostolicis
2058 1453 2424 1497 Constitutionibus

1404 1512 1616 1556 contrariis
1637 1513 1948 1568 quibuscumque
1963 1541 1977 1564 ,
2008 1523 2075 1555 aut
2093 1514 2143 1563 ,st
2167 1513 2290 1568 aliqui
2306 1510 2424 1567 super

1405 1571 1694 1628 provisionibus
1729 1570 1796 1612 fibi
1826 1569 2019 1614 faciendis
2041 1599 2055 1621 ,
2085 1573 2137 1614 de
2170 1570 2422 1626 hujusmodi,

1406 1631 1473 1672 vel
1496 1629 1586 1671 aliis
1612 1628 1819 1672 beneficiis
1837 1630 2119 1671 Ecclesiasticis
2140 1629 2180 1670 in
2205 1629 2284 1671 illis
2298 1630 2424 1684 parti·

1405 1689 1478 1732 bus
1492 1687 1714 1743 speciales,
1737 1688 1803 1730 vel
1830 1688 2040 1743 generales
2062 1688 2175 1729 dietae
2190 1687 2334 1739 Sedis,
2357 1687 2424 1732 vel

1405 1750 1654 1803 Legatorum
1683 1746 1770 1801 ejus
1793 1746 1934 1789 literas
1968 1745 2218 1802 impetrarint
2234 1774 2248 1798 ‚
2271 1745 2422 1788 et'tamfi

1406 1821 1477 1862 per
1498 1821 1565 1848 eas
1587 1807 1636 1848 ad
1665 1806 1974 1857 inhibitionem,
1999 1806 2317 1848 reservationem
2339 1833 2355 1856 ,
2383 1807 2425 1847 &

1407 1868 1632 1907 Decretum
1647 1892 1661 1915 ,
1689 1864 1754 1907 vel
1771 1865 1868 1909 alias
1883 1865 2190 1921 quomodolibet
2205 1867 2248 1905 stt
2263 1863 2426 1919 proces..

1406 1926 1489 1968 sum
1504 1950 1519 1974 ,
1545 1937 1642 1979 quas
1665 1923 1828 1978 quidem
1853 1923 2017 1974 literas,
2038 1924 2075 1964 &
2091 1921 2290 1979 processus
2306 1923 2426 1965 habi-

1405 1993 1467 2026 tos
1483 1997 1554 2038 per
1567 1979 1729 2025 easdem
1746 2011 1760 2034 ,
1785 1997 1829 2025 ac
1847 1982 1938 2025 inde
1955 1981 2092 2025 secuta
2114 1995 2356 2037 quaecunque
2371 1980 2422 2024 ad

1404 2041 1548 2084 dietam
1567 2039 1644 2082 fine
1659 2054 1753 2083 cura
1762 2040 1975 2085 Ecclesiam
1992 2041 2174 2083 volumus
2188 2054 2266 2082 non
2280 2051 2423 2083 exten-

1403 2100 1444 2143 di
1461 2127 1475 2149 ,
1502 2098 1570 2143 sed
1591 2099 1748 2143 nullum
1773 2114 1844 2155 per
1863 2100 1941 2143 hoc
1956 2100 2013 2142 eis
2029 2127 2043 2149 ,
2062 2100 2192 2155 quoad
2210 2097 2422 2141 assecutio-

1401 2173 1492 2202 nem
1515 2157 1803 2203 beneficiorum
1820 2159 1991 2201 aliorum
2010 2158 2284 2214 praejudicium
2301 2171 2425 2212 gene-

1399 2219 1481 2260 rari
1493 2246 1504 2258 .
1531 2221 1582 2260 Et
1599 2218 1844 2273 quibuslibet
1858 2217 1945 2259 aliis
1961 2218 2182 2273 privilegiis
2198 2246 2213 2269 ‚
2233 2219 2274 2259 δι
2288 2215 2423 2258 indul-

1398 2278 1449 2319 tis
1463 2277 1746 2332 generalibus,
1770 2276 1835 2319 vel
1858 2275 2094 2332 specialibus
2114 2288 2424 2331 ,quorumcum-

1398 2349 1476 2392 que
1492 2347 1679 2378 tenorum
1694 2335 1876 2383 existant,
1892 2350 1961 2391 per
1975 2350 2059 2391 quae
2074 2336 2328 2390 praesentibus
2341 2347 2423 2377 non

1400 2393 1605 2448 expressa,
1640 2395 1708 2438 vel
1738 2393 1924 2437 totaliter
1949 2408 2028 2437 non
2055 2394 2230 2446 inserta,
2259 2393 2422 2437 effeflus

1400 2467 1538 2495 earum
1581 2452 1770 2508 impediri
1810 2452 1945 2495 valeat
1975 2453 2284 2508 quomodolibet
2305 2480 2321 2505 ,
2353 2451 2420 2495 vel

1401 2511 1554 2553 differri
1569 2538 1583 2561 ,
1605 2513 1641 2552 &
1659 2511 1711 2552 de
1726 2513 1870 2567 quibus
1897 2525 2119 2567 eorumque
2148 2511 2245 2553 totis
2267 2510 2421 2553 tenori·

1402 2571 1473 2613 bus
1494 2569 1676 2612 habenda
1692 2569 1789 2612 esset
1809 2570 1847 2611 in
1864 2570 2000 2612 nostris
2015 2570 2146 2612 literis
2163 2568 2319 2613 mentio
2332 2567 2420 2625 spe-

1398 2630 1511 2671 cialis
1529 2655 1539 2667 .
1559 2632 1644 2671 Nos
1658 2630 1764 2671 enim
1779 2642 1829 2672 ex
1844 2643 1948 2671 nunc
1965 2630 2120 2672 irritum
2136 2628 2391 2672 decernimus
2402 2653 2418 2676 ,

1395 2688 1435 2727 δι
1455 2685 1760 2738 inane,fifecus
1787 2688 1904 2743 super
1926 2689 1985 2730 his
2012 2690 2035 2732 a
2057 2702 2257 2744 quoquam
2281 2685 2419 2742 quavis

1395 2747 1641 2789 authoritate
1660 2742 1867 2797 scienter,
1895 2747 1958 2789 vel
1979 2748 2212 2802 ignoranter
2234 2745 2422 2800 contige·

1394 2806 1447 2847 rit
1472 2805 1693 2847 attentari:
1718 2820 1788 2862 per
1802 2806 2015 2860 praesentes
2034 2817 2170 2850 autem
2186 2820 2267 2849 non
2284 2805 2418 2847 inten-

1390 2863 1525 2964 ξίσιυε
1550 2864 1699 2906 dietum
1722 2865 2020 2923 juspatronatus
2047 2866 2089 2908 in
2109 2866 2245 2923 aliquo
2267 2876 2416 2920 appro-

1419 2937 1513 2966 are.

1447 2985 1597 3024 Datum
1623 2982 1762 3024 Romae
1785 2982 1889 3038 apud
1916 2985 1956 3026 S.
1974 2982 2141 3027 Mariam
2167 2979 2414 3038 Maiorem-,i

1390 3040 1512 3083 Anno
1528 3042 1820 3083 Incarnationis
1843 3043 2061 3085 Dominicae
2085 3042 2294 3085 millesimo
2323 3037 2413 3081 sex-

1389 3098 1609 3141 centesimo
1646 3098 1923 3142 sextodecimo
1947 3129 1962 3151 ,
2005 3098 2167 3144 decimo
2205 3096 2410 3144 Kalendas

1390 3157 1588 3213 Augusti,
1612 3156 1877 3201 Pontificatus
1905 3160 2041 3202 Nostri
2065 3163 2189 3206 Anno
2213 3155 2410 3204 duodeci·

1388 3228 1480 3258 mo.

1444 3334 1653 3387 Exemplar
1679 3336 1721 3377 in
1744 3336 1864 3378 Arch.
1890 3337 2077 3383 Generali
2105 3339 2262 3385 Ordinis
2286 3339 2401 3381 Arm.

1502 3392 1715 3437 Provincia
1731 3395 2000 3456 Meffanenfi39

2180 3855 2342 3902 NOTA
