2618 4108
336 219 517 306 266

276 326 395 377 stram
429 338 692 392 peramanter
722 329 1004 386 impertimur.
1040 330 1192 375 Datum
1222 331 1325 373 Tus-

281 398 365 441 culi
391 397 460 439 die
493 406 558 436 ιν.
601 388 856 432 Novembris
875 401 1060 431 MDcxxl·
1102 389 1326 441 Pontifica÷

279 469 343 501 tus
364 454 500 499 Nostri
517 455 639 494 Anno
651 450 787 506 primo
803 477 817 493 .

651 571 831 626 Joannes
846 568 1086 627 Ciampolus
1104 572 1262 615 Secret-

339 688 556 746 Autog.'in
582 691 726 731 secret.
754 693 874 733 Brev.
902 687 954 733 ad
982 689 1193 748 Principes
1226 692 1323 747 Reg-

398 749 522 808 mens}
539 748 670 804 praed.
680 745 726 809 f·
740 761 840 809 290.

277 905 868 927 ffl—---
872 904 1312 921 —Fv————n

547 1020 728 1073 Eodem
756 1036 1037 1093 argumento
1054 1057 1068 1072 .

278 1158 314 1201 A
330 1164 450 1211 tergo
465 1170 477 1194 ι
512 1154 732 1198 Venerabili
750 1157 896 1199 Fratre·
909 1185 925 1208 ,
938 1157 1094 1211 ‘Joanni
1109 1155 1323 1208 svicardo,

333 1215 631 1272 Archiepssopo
656 1217 892 1269 Moguntino
907 1243 921 1267 ‚
951 1219 992 1257 S.
1025 1219 1138 1260 Rom.
1162 1218 1262 1273 Imp.

600 1273 778 1333 Principi
801 1274 971 1317 Eleelori
983 1302 996 1316 .

323 1391 850 1447 GREGORIUS
901 1395 1110 1445 PAPA
1149 1396 1281 1444 XV.

283 1520 519 1569 Venerabilis
553 1524 703 1567 Frater·
716 1554 733 1576 ,
772 1525 950 1568 salutem
983 1526 1033 1576 θ’
1059 1525 1320 1586 Apostolicam

628 1583 938 1628 Benedt‘inonem
952 1615 966 1630 .

278 1700 444 1816 ETfi
471 1701 722 1754 optimorum
738 1700 993 1746 consiliorum
1009 1717 1077 1755 ‚ac
1096 1703 1317 1759 praeclaris-

409 1759 594 1802 simarum
625 1774 764 1804 rerum
796 1759 1042 1805 conscientia
1068 1763 1108 1805 in
1137 1763 1319 1816 graviffi-

273 1833 349 1861 mis
367 1820 512 1862 Patriae
528 1819 682 1861 ruentis
697 1820 996 1864 calamitatibus
1011 1823 1201 1878 egregios
1215 1822 1315 1865 sem·

273 1892 350 1934 per
366 1879 488 1921 Viros
503 1879 596 1920 satis
611 1877 838 1922 sustentasse
853 1879 931 1922 visa
943 1881 1000 1923 est
1016 1909 1029 1932 ‚
1048 1883 1313 1925 fraternitati

275 1949 413 1981 tamen
432 1951 508 1982 tuae
532 1939 570 1978 in
586 1939 832 1993 perturbato
851 1940 922 1982 isto
944 1941 1119 1984 Romani
1146 1942 1313 1997 Imperii

275 1997 408 2046 statu,
441 2011 520 2038 non
546 1997 672 2039 modo
687 1997 866 2041 conscius
893 1998 1076 2051 animus,
1108 1998 1176 2042 sed
1193 2000 1310 2055 ipfius

275 2069 440 2113 quoque
466 2053 578 2097 famae
594 2055 865 2100 testimonium
888 2071 966 2099 non
992 2058 1186 2100 mediocri
1210 2058 1310 2101 sola-

274 2117 337 2158 tio
356 2111 435 2157 effe
462 2116 622 2169 potuit.
659 2116 738 2158 Ubi
751 2117 857 2160 enim
885 2116 1134 2170 praesentium
1152 2119 1314 2172 pericu·

275 2175 410 2219 lorum
429 2173 650 2215 Germania
666 2174 949 2217 recordabitur
962 2205 977 2226 ,
1004 2174 1196 2219 beneficia
1213 2192 1313 2234 quo-

274 2246 354 2290 que
382 2230 672 2275 recordabitur
700 2234 982 2278 Fraternit-atis
1018 2236 1114 2276 Tuae
1140 2264 1155 2286 ,
1196 2236 1310 2291 cujus

275 2291 430 2336 nomini
446 2301 556 2333 tanta
584 2305 723 2335 rerum
744 2294 1003 2349 perturbatio
1031 2294 1135 2337 haud
1158 2296 1312 2351 exiguae

276 2350 370 2393 sane
385 2349 520 2406 gloriae
549 2347 661 2406 seges
689 2366 734 2393 ac
762 2354 955 2394 materies
981 2348 1094 2395 fuisse
1118 2352 1312 2398 videtur.

274 2412 383 2453 Nam
403 2408 521 2464 plane
534 2439 550 2462 ‚
563 2409 659 2464 quid
676 2424 755 2453 non
773 2410 938 2453 effecisti
952 2439 966 2461 ,
981 2413 1062 2468 quo
1075 2412 1125 2453 ad
1144 2413 1312 2457 salutem

274 2468 496 2512 celerrime
509 2480 829 2513 converteretur
843 2482 1002 2513 tantum
1018 2470 1194 2516 malum?
1230 2470 1312 2515 Etli

278 2528 385 2570 enim
408 2528 448 2569 in
465 2529 595 2571 aciem
612 2528 880 2573 dimicaturus
897 2544 977 2572 non
994 2529 1173 2586 prodiisti
1192 2532 1315 2574 Anti-

272 2587 449 2638 stes,non
465 2600 659 2631 annorum
674 2588 885 2640 modo,sed
902 2590 1129 2645 prudentiae
1150 2605 1313 2648 quoque

271 2645 383 2694 senio
400 2641 644 2688 venerabilis
660 2677 676 2699 ‚
710 2657 846 2690 tamen
862 2647 1031 2690 consilio
1044 2678 1058 2701 ,
1073 2650 1314 2706 sumptibus,

274 2706 408 2747 animo
442 2703 623 2747 militasti
648 2733 661 2747 .
704 2708 805 2749 Eam
839 2705 894 2749 de
922 2707 1195 2753 fraternitate
1222 2710 1313 2754 Tua

271 2763 501 2819 opinionem
515 2778 609 2807 cum
624 2763 862 2820 jampridem
877 2767 1224 2822 ceperimus‚'1’ibi
1236 2770 1314 2813 ite-

277 2836 367 2866 rum
385 2821 520 2865 literis
539 2822 679 2866 nostris
699 2823 951 2868 Pontificiam
980 2827 1311 2871 benevolentiam

272 2881 459 2924 testatam
483 2879 561 2923 effe
579 2882 764 2926 volumus
780 2913 791 2925 .
824 2886 953 2927 Porro
970 2885 1128 2928 tantum
1144 2887 1308 2944 perspe-

271 2943 337 2984 ‹stae
353 2950 428 2983 tuae
442 2939 537 2982 fidei
554 2940 767 2985 tribuimus
782 2969 795 2992 ‚
829 2954 872 2986 ut
886 2945 963 2996 Te,
978 2959 1071 2988 cum
1091 2946 1143 2989 ad
1159 2946 1311 2992 anima-

270 3010 362 3043 rum
378 2999 547 3043 salutem
564 3000 758 3046 tuendam
784 3004 824 3045 &
837 3003 886 3047 ad
904 3005 1167 3050 Catholicam
1192 3007 1310 3051 Reli-

272 3061 434 3115 gionem
462 3061 794 3116 propugnandam
811 3063 1022 3108 hortamur
1038 3090 1052 3114 2
1067 3078 1112 3107 ea
1129 3065 1308 3110 clausula

272 3118 380 3162 usuri
397 3117 512 3160 limus
527 3147 542 3170 ,
573 3131 618 3162 ut
636 3122 697 3163 Te
720 3121 778 3164 tui
804 3120 974 3166 fimilem
999 3121 1079 3166 effe
1095 3153 1109 3174 ,
1129 3126 1308 3182 Tibique

274 3191 430 3219 morem
447 3191 592 3232 gerere
615 3179 825 3236 cupiamus
838 3209 851 3224 .
880 3183 967 3239 Jam
987 3183 1226 3239 vero‚quam
1243 3200 1310 3241 pa·-

274 3245 434 3277 ternam
456 3236 757 3281 solicitudinem
786 3240 960 3284 nostram
977 3240 1107 3285 literae
1120 3242 1308 3287 declara-

276 3304 424 3336 verunt
441 3321 454 3343 ,
486 3309 581 3350 quas
601 3298 782 3342 Dilectus
800 3299 923 3343 Filius
939 3329 952 3351 ,
971 3303 1112 3344 Frater
1128 3304 1312 3358 Hyacin-

276 3353 366 3418 tlius
382 3352 850 3413 Casalcnfis,Capucinus
864 3358 1046 3403 reddidit
1063 3362 1313 3405 Fraternita-

276 3420 308 3452 ti
325 3420 399 3475 tuae
414 3437 428 3460 ,
457 3409 506 3452 ea
522 3427 725 3469 nunquam
750 3417 917 3460 liberari
944 3419 1122 3463 animum
1138 3419 1316 3464 nostrum

277 3477 478 3534 pass-qm&
493 3497 506 3517 a
536 3470 630 3515 dum
656 3477 884 3521 Germaniae
904 3479 939 3520 &
958 3479 1182 3534 Religioni,
1197 3495 1315 3523 men·

278 3526 384 3592 dacii
413 3529 532 3570 Pater
569 3543 640 3582 per
667 3533 900 3584 desertores
929 3539 1153 3581 Haereticos
1190 3540 1314 3584 ruinae

281 3584 510 3642 periculum
527 3586 677 3631 struet.
710 3594 889 3638 Omnino
907 3611 1074 3652 operam
1096 3596 1283 3642 dabimus
1297 3629 1312 3652 ‚

280 3655 323 3686 ut
341 3657 473 3698 neque
489 3645 670 3697 confilio,
685 3663 817 3706 neque
833 3667 877 3696 re
895 3655 973 3709 ipsa
992 3658 1116 3701 Vobis
1132 3672 1310 3714 unquam

280 3700 452 3745 desuiffe
466 3715 702 3756 arguamur.
735 3713 794 3752 Ac
810 3713 1076 3758 Frater-nitati
1103 3726 1180 3759 tuae
1195 3721 1307 3774 Apo-

278 3761 458 3805 stolicam
484 3763 814 3810 Benedictionem
840 3784 1100 3825 peramanter
1123 3776 1310 3830 imperti-

281 3834 369 3863 mur
384 3849 396 3862 .
434 3822 587 3865 Datum
604 3824 743 3868 Romae
764 3829 868 3884 apud
891 3832 930 3874 S.
951 3834 1120 3879 Petrum
1138 3835 1207 3878 sub
1221 3838 1309 3880 An-

1082 210 1595 301 Cuflodia

1387 330 1484 372 nulo
1502 326 1808 372 Pricatorisdie
1826 341 1872 371 xt
1886 342 1901 371 1
1915 341 1949 370 ι.
1966 330 2076 371 Nov.
2093 343 2290 375 mncxxt.
2320 333 2429 379 Pon.

1385 388 1564 433 rificatus
1582 391 1684 434 vero
1700 388 1839 433 Nostri
1855 391 1978 432 Anno
1993 388 2126 444 primo
2140 415 2152 428 .

1754 543 1932 602 Joannes
1949 538 2189 599 Ciampolus
2206 544 2370 587 secret.

1442 711 1503 753 Ex
1520 708 1685 752 Archiv.
1701 712 1846 753 secret.
1874 712 1990 753 Brev.
2014 708 2327 768 Apostolicorum
2352 714 2433 756 Re·

1490 769 1598 826 gcsso
1610 767 1731 829 meoli
1743 769 1797 821 &⁴
1809 768 2099 826 annipraediet.
2114 768 2198 830 fol.
2211 784 2232 827 3
2243 770 2313 821 76.

1385 1105 1598 1158 Eundem
1620 1112 1697 1160 Fr.
1716 1107 2020 1176 Hyacintum
2051 1106 2112 1156 ob
2143 1105 2304 1156 eadem
2339 1112 2430 1159 Rc-

1455 1179 1640 1248 ligionis
1669 1181 1856 1251 negotia
1879 1180 1926 1228 in
1958 1175 2205 1247 Hispanias
2241 1193 2427 1230 euntem

1454 1251 1781 1302 commendat.

1381 1379 1419 1421 A
1447 1381 1614 1436 Tergo:
1647 1373 1873 1438 Charffmo
1899 1381 1942 1421 in
1971 1377 2124 1436 christo
2152 1378 2257 1422 Filio
2279 1378 2422 1437 nostro,

1468 1438 1672 1497 Philippo,
1688 1441 1976 1498 Hispaniarum
1991 1439 2087 1495 Regi
2103 1436 2303 1482 CathoIIco
2316 1467 2328 1480 .

1425 1559 1947 1615 GREGORIUS
2001 1559 2204 1608 PAPA
2258 1560 2378 1609 XV.

1439 1686 1667 1745 Charifflmc
1679 1689 1722 1732 in
1740 1686 1894 1746 Christo
1908 1683 1994 1731 Fili
2003 1685 2145 1743 Noster
2159 1687 2336 1729 Salutem
2346 1715 2362 1742 ,

1558 1748 1607 1797 θ’
1623 1747 1884 1808 Apostolicam
1912 1744 2221 1790 Benedifflonem
2235 1773 2247 1784 ·

1518 1880 1633 1923 Uim.
1652 1892 1820 1937 magnus
1858 1876 2135 1923 molestiarum
2162 1903 2177 1928 ,
2206 1875 2422 1921 dolorum·-

1527 1951 1610 1995 que
1643 1949 1868 1995 proventus
1895 1952 1947 1980 ex
1978 1934 2174 1979 altiffimis
2202 1936 2421 1994 dignitati-

1558 1997 1633 2040 bus
1659 1995 1881 2053 colligatur
1905 2025 1919 2048 ,
1949 1994 2103 2037 docent
2132 1997 2222 2039 Nos
2249 1996 2290 2038 in
2306 1992 2419 2051 ‘prae-

1374 2051 1478 2095 senti
1513 2069 1652 2099 rerum
1693 2054 1927 2099 discrimine
1960 2053 2192 2096 Germaniae
2236 2052 2306 2095 sibi
2335 2052 2420 2095 dis-

1373 2113 1537 2157 fidentis
1552 2114 1883 2170 perturbationes
1900 2143 1911 2156 .
1948 2112 2093 2155 Nostra
2116 2112 2226 2155 enim
2252 2127 2315 2155 res
2330 2113 2417 2167 agi-

1373 2182 1443 2214 tur
1458 2187 1567 2224 ‚cum
1593 2173 1875 2230 perduellium
1896 2171 2182 2216 haereticorum
2197 2171 2319 2214 armis
2334 2174 2419 2214 Ca·

1373 2232 1530 2274 tholica
1562 2232 1731 2289 Religio
1759 2258 1773 2280 ‚
1804 2235 2122 2286 Romanumque
2150 2230 2413 2286 Imperium..-

1373 2292 1652 2336 conflistatur.
1687 2293 1882 2342 Etenim,
1896 2305 1990 2335 cum
2016 2287 2279 2332 Pontificatus
2295 2288 2416 2347 nostri

1375 2351 1547 2406 gloriam
1566 2353 1605 2394 in
1623 2351 1762 2396 Diviui
1776 2349 1909 2396 cultfis
1922 2353 2208 2397 incremento,
2239 2348 2418 2392 &Chri-

1374 2411 1591 2454 stianorum
1609 2411 1842 2469 Principum
1870 2408 2091 2456 concordia
2107 2417 2327 2466 putemus,
2354 2405 2418 2452 fa*

1375 2471 1454 2512 cile
1470 2470 1644 2514 statuere
1671 2471 1803 2527 potest
1818 2470 2004 2527 Majestas
2032 2478 2103 2511 tua
2118 2496 2133 2520 ‚
2163 2466 2282 2524 quam
2295 2476 2415 2512 atrox

1376 2540 1553 2586 paternae
1578 2528 1716 2574 nostrae
1738 2529 1986 2574 solicitudini
2011 2526 2282 2583 spectaculum
2299 2529 2411 2570 Ger-

1377 2590 1507 2632 mania
1533 2589 1712 2646 praebeat
1736 2616 1751 2638 a
1781 2599 1865 2632 tam
1886 2587 2088 2633 diuturnis
2115 2584 2409 2643 obstinatisque

1375 2653 1603 2692 Procerum
1619 2646 1860 2692 factionibus
1877 2649 2027 2692 laniata
2040 2676 2052 2689 .

1434 2711 1528 2752 Non
1554 2718 1691 2751 tamen
1715 2721 1861 2751 earum
1877 2707 2130 2751 miseriarum
2157 2704 2414 2760 conspectum

1374 2766 1574 2824 fugimus:
1608 2767 1706 2819 sed,
1739 2768 1924 2824 quamvis
1948 2767 2094 2810 uberes
2109 2779 2161 2808 ex
2188 2764 2319 2806 oculis
2345 2779 2416 2808 no-

1372 2828 1458 2870 stris
1478 2827 1709 2883 lachrymas
1723 2827 1894 2870 eliciant
1908 2857 1923 2880 ‚
1957 2828 2007 2871 ab
2021 2839 2163 2869 earum
2182 2834 2318 2866 tamen
2343 2837 2414 2865 co-

1374 2888 1573 2944 gitatione
1590 2886 1768 2930 animum
1790 2887 1883 2931 fere
1909 2899 2113 2942 nunquam
2142 2882 2381 2928 abducimus
2401 2911 2414 2923 .

1372 2949 1428 2990 Et
1447 2945 1632 3003 profecto
1649 2945 1830 2991 libenter
1858 2948 1949 2990 vitae
1970 2947 2086 3001 ipsius
2110 2941 2297 2999 periculo
2324 2939 2414 2983 fan-

1372 3005 1583 3063 guinisque
1599 3005 1830 3063 profusione
1845 3004 2188 3062 tranquillitatem
2212 2999 2298 3054 ejus
2316 3002 2414 3043 Pro.

1374 3067 1514 3108 vincia:
1540 3066 1874 3117 remman-emus,
1905 3077 1992 3120 quae
2023 3061 2200 3104 Romani
2237 3058 2413 3102 domici-

1371 3124 1474 3169 lium
1496 3123 1692 3181 Imperii,
1723 3125 1763 3165 δι
1785 3123 1943 3166 bellicae
1969 3119 2222 3163 fortitudinis
2236 3133 2307 3161 arx
2333 3118 2412 3174 jam

1369 3184 1466 3228 inde
1480 3181 1603 3240 usque
1632 3183 1651 3225 ἐ
1670 3182 1813 3225 Caroli
1841 3181 1981 3238 Magni
2007 3177 2257 3235 temporibus
2275 3179 2412 3222 habita

1372 3243 1452 3288 est.
1483 3245 1750 3301 Qapropter
1777 3239 1912 3284 omnia
1929 3237 2222 3284 accuratissime
2245 3237 2414 3293 experi-

1372 3315 1464 3346 mur
1479 3331 1495 3352 ,
1525 3301 1610 3357 quo
1634 3310 1697 3343 tot
1713 3301 1798 3359 ejus
1818 3299 1995 3357 seipsam
2021 3299 2246 3342 lacerantis
2267 3295 2413 3339 vulne-

1375 3363 1485 3405 ribus
1509 3370 1780 3417 opportunam
1794 3359 1998 3405 medelam
2013 3358 2297 3401 adhibeamus.
2316 3355 2409 3397 Pri-

1375 3423 1483 3464 mum
1504 3421 1613 3462 enim
1640 3428 1838 3464 aeternum
1865 3419 1980 3463 illum
1997 3420 2159 3472 Regum
2181 3415 2411 3459 arbitrum-1

1374 3480 1444 3537 qui
1458 3480 1727 3535 cogitationes
1755 3479 1997 3536 populorum
2014 3479 2054 3519 &
2073 3473 2238 3519 confilia
2256 3473 2411 3516 Princi-

1373 3553 1470 3596 pum
1487 3539 1679 3595 reprobat
1695 3567 1709 3590 ‚
1739 3538 1895 3581 affiduis
1911 3536 2100 3593 precibus
2116 3544 2328 3588 gementes
2346 3547 2410 3574 ro.

1373 3598 1574 3654 gitamus‚
1609 3611 1659 3639 ne
1682 3596 1874 3641 funestam
1899 3609 1945 3637 ac
1971 3593 2191 3637 luctuosam
2220 3591 2410 3635 Ecclesia:

1373 3657 1472 3700 velit
1487 3654 1566 3699 esse
1582 3654 1783 3711 praesentis
1795 3656 1924 3698 aetatis
1942 3653 2183 3695 memoriam
2198 3680 2212 3703 ,
2243 3666 2326 3707 quae
2343 3663 2408 3694 tot

1372 3717 1586 3772 Principes
1615 3715 1740 3766 tulit,
1768 3728 1849 3757 non
1887 3713 2013 3755 minus
2053 3711 2218 3767 pietatis
2247 3712 2409 3762 studio,

1371 3776 1491 3831 quam
1507 3787 1722 3830 regnorum
1750 3772 1981 3828 posseflione
1995 3770 2374 3814 commemorabiles
2391 3798 2404 3810 .

1372 3835 1478 3878 Tum
1491 3848 1566 3878 aera
1580 3833 1772 3878 militaria
1786 3859 1800 3883 a
1817 3848 1864 3876 ac
1878 3830 2123 3875 subfidiarias
2138 3831 2408 3931 copias-gha-

2252 3905 2286 3933 ri
2318 3904 2350 3930 ι-
