2618 4108
364 273 542 352 224

302 364 350 408 fis
376 375 447 417 per
465 352 907 413 quoscumqueJudices
921 348 1160 396 ordinarios
1181 354 1222 393 &
1235 355 1319 394 De-

300 423 458 477 legatos
484 445 497 466 ,
526 413 647 455 etiam
680 408 899 454 Causarum
922 408 1069 452 Palatii
1096 408 1317 466 Apostolici

300 479 519 523 Auditores
535 470 704 526 judicari
718 499 734 520 ‚
761 472 800 511 &
814 468 971 511 definiri
988 468 1145 511 debere
1162 497 1177 522 ,
1203 483 1249 510 ac
1267 468 1321 509 ir-

299 539 421 581 ritum
446 535 486 574 &
509 528 677 579 inane,fi
695 529 805 571 secus
822 527 1013 584 superbis
1040 531 1320 583 &iquoquam-2

300 594 439 653 quavis
469 588 710 631 auctoritate
746 587 922 629 scienter
942 615 959 637 ,
999 586 1065 629 vel
1093 589 1320 640 ignoranter

298 648 521 704 contigerit
536 645 730 687 attentari
745 671 758 692 a
775 649 868 688 Non
883 645 1034 686 obstan.
1048 644 1320 686 Constitutio-

300 711 415 756 nibus
428 709 464 749 &
480 702 810 747 ordinationibus
826 703 1065 758 Apostolicis
1080 732 1093 755 ,
1109 717 1172 752 ac,
1185 713 1321 758 quate-

303 770 377 813 nus
392 779 491 822 opus
505 765 549 805 sit
566 790 580 814 ,
606 762 806 804 Ordinum
836 761 1088 815 hujusmodi,
1119 762 1243 802 etiam
1267 763 1323 814 ju-

307 834 494 871 ramento
507 849 521 872 ,
538 820 860 864 confirmatione
876 821 1104 876 Apostolica
1119 848 1134 871 ,
1149 819 1214 860 vel
1231 831 1322 873 qua.

308 888 371 928 vis
399 882 592 926 firmitate
619 879 694 923 alia
725 880 926 922 roboratis
957 878 1110 919 statutis
1128 905 1142 927 ,
1165 879 1203 918 &
1228 890 1323 917 con·

306 941 611 991 suetudinibus3
639 938 862 994 privilegiis
879 951 1040 992 quoque
1063 936 1229 977 indultis
1245 962 1257 984 ,
1282 935 1322 974 &

306 1001 480 1048 Litteris
507 997 749 1053 Apostolicis
774 996 811 1038 in
837 995 1085 1038 contrarium
1112 990 1322 1050 praemiffo—

303 1074 395 1104 rum
417 1056 721 1114 quomodolibet
737 1052 930 1097 concessis
945 1083 959 1106 ,
986 1051 1257 1102 confirmatis,
1282 1052 1323 1091 &

303 1117 501 1162 innovatis
514 1145 528 1157 .
559 1114 717 1168 Quibus
730 1112 912 1156 omnibus
927 1115 966 1153 &
978 1110 1322 1165 fingulis‚illorum

303 1187 471 1222 tenores
500 1172 758 1229 praesentibus
775 1185 848 1226 pro
864 1170 985 1221 piene
1001 1199 1014 1220 ,
1028 1172 1067 1210 &
1082 1169 1323 1212 sufficienter

301 1232 502 1290 expressis
516 1259 529 1280 ,
553 1234 592 1273 δι
607 1230 658 1271 de
676 1231 803 1271 verbo
817 1230 866 1271 ad
895 1231 1061 1270 verbum
1086 1228 1241 1269 insertis
1258 1229 1325 1269 ha·-

300 1289 657 1342 bentes‚illisalias
682 1290 720 1330 in
738 1289 804 1329 suo
818 1288 962 1330 robore
976 1287 1260 1340 permansuris,
1272 1284 1324 1327 ad

302 1348 584 1409 praemissorum
608 1345 790 1388 effectum
804 1346 876 1387 hac
906 1346 996 1386 vice
1022 1345 1227 1386 dumtaxat
1245 1341 1324 1399 spe.

303 1403 741 1460 cialiter,&expreffe
769 1404 1014 1458 derogamus
1039 1433 1054 1455 ,
1090 1401 1325 1458 caeterisque

306 1464 524 1511 contrariis
540 1463 854 1520 quibuscumque
868 1491 879 1503 .
893 1465 1046 1504 Datum
1067 1465 1204 1505 Romae
1220 1459 1325 1517 apud

302 1530 346 1570 S.
358 1529 521 1569 Petrum
534 1522 602 1564 sub
616 1523 780 1565 Annulo
793 1519 1082 1564 Piscatorisdie
1098 1524 1326 1563 xxerar-

307 1586 356 1628 tii
373 1595 547 1628 Mocciv.
574 1581 837 1624 pontificatus
863 1578 980 1621 nostri
1013 1582 1132 1622 Anno
1150 1589 1324 1635 quarto.

909 1698 953 1738 F.
976 1696 1209 1739 Oliverius.

354 1881 475 1923 Breve
478 1873 704 1932 formatum
718 1875 760 1913 in
776 1872 945 1915 Archivo
959 1875 1054 1915 Gen.
1075 1874 1234 1917 ordinis
1248 1875 1324 1915 Ar.

413 1940 539 1978 mariv
568 1933 692 1975 Bullae
707 1929 940 1975 Pontificiae.

291 2175 542 2223 Decretum
562 2205 577 2228 ,
604 2188 696 2238 quo
718 2174 816 2221 Sac.
832 2171 1147 2240 Congregatio
1167 2168 1315 2237 Episc.

361 2241 409 2293 ὅ(
447 2243 616 2309 Regul.
654 2241 919 2291 elefflonern
959 2241 1316 2291 Discretorunb

359 2331 442 2380 pro
481 2310 660 2361 duobus
695 2314 920 2378 Capitulis
954 2310 1313 2362 Provincialibus

356 2382 585 2438 restituit,
632 2382 895 2451 Apostolica
936 2381 1313 2431 confirmatione„

357 2466 615 2502 communit
634 2488 648 2502 .

289 2582 873 2635 INNOCENTIUS
922 2584 1104 2631 PAPA
1153 2583 1310 2631 XIII.

489 2698 558 2740 Ad
568 2696 759 2754 futuram
783 2700 842 2739 rei
861 2699 1108 2741 memoriam.

425 2813 540 2867 Uper
565 2826 638 2869 pro
662 2823 776 2867 parte
796 2813 1047 2857 Dileetorum
1077 2814 1309 2858 Filiorum-s

452 2870 683 2915 Bernardini
699 2876 721 2916 a
735 2872 776 2912 S.
790 2875 949 2928 Angelo
963 2873 1002 2916 in
1019 2875 1136 2917 Vado
1156 2876 1307 2917 Vicarii

285 2931 508 2972 Generalis
521 2959 535 2980 ,
555 2943 601 2971 ac
616 2931 730 2972 Petri
749 2932 880 2975 Mariae
902 2932 925 2976 a
943 2935 1048 2975 Luca
1066 2933 1104 2974 in
1121 2935 1305 2976 Romana

290 2989 416 3030 Curia
430 2990 711 3031 Procuratoris
727 2991 766 3030 &
780 2988 1047 3032 Commiisarii
1060 2993 1275 3034 Generalis
1289 3019 1304 3043 ,

285 3047 325 3087 &
351 3047 413 3087 Fr·
430 3046 623 3089 Francisizi
653 3048 673 3088 a
697 3047 841 3090 Castro
864 3053 904 3092 S.
928 3050 1039 3091 Petri
1068 3048 1304 3093 Definitoris

285 3104 679 3153 Generalis‚Ordinis
695 3108 882 3148 Fratrum
908 3108 1107 3150 Minorum
1124 3111 1162 3150 S.
1182 3110 1306 3150 Fran-

285 3160 384 3225 cisci.
401 3164 702 3217 Capucinorum
722 3169 1302 3221 nuncupatorum,Congrega·

287 3226 384 3257 tioni
400 3219 703 3264 Venerabilium
717 3225 901 3265 Fratrum
915 3225 1140 3268 nostrorum
1153 3229 1299 3268 sanetae

287 3275 478 3341 Romanae
494 3278 676 3322 Ecclefiae
690 3281 970 3325 Cardinalium
998 3293 1136 3338 negot.
1148 3286 1188 3325 &
1203 3298 1299 3326 con-

288 3330 382 3371 sult.
400 3334 682 3387 Episcoporum
707 3341 746 3380 &
770 3341 1037 3396 Regularium
1064 3344 1299 3397 praepofitae,

288 3388 495 3454 exposito,
520 3395 623 3445 quod
651 3396 776 3447 alias,
806 3399 1010 3455 postquam
1036 3397 1103 3442 fel.
1124 3415 1206 3442 rec.
1233 3403 1302 3443 ln-

287 3457 498 3488 nocentius
529 3450 603 3490 PP.
625 3455 719 3495 ΧΠ.
744 3456 1010 3502 Praedeceffor
1040 3459 1200 3508 noster,
1228 3474 1302 3514 per

285 3502 469 3566 quasdam
490 3503 748 3570 suas-litteras
764 3540 778 3562 ,
797 3514 969 3571 desuper
991 3517 1030 3559 in
1046 3517 1159 3558 simili
1176 3517 1303 3559 forma

286 3565 425 3624 Brevis
448 3563 655 3615 expeditas
670 3569 716 3609 ad
732 3569 1061 3625 supplicationem
1086 3575 1300 3618 clazmem:

284 3617 426 3661 Carol¹
444 3621 506 3660 ΙΙ
541 3619 635 3661 dum
669 3627 768 3668 vixit
801 3655 816 3678 ,
855 3632 1133 3687 Hispaniarum
1175 3635 1303 3690 Regis

283 3675 487 3741 Catliolici
506 3703 520 3726 ,
548 3678 588 3718 δι
613 3689 707 3722 tunc
732 3685 985 3732 existentium
1004 3692 1188 3734 Fratrum
1204 3695 1303 3736 Pro·

284 3746 505 3775 vinciarum
531 3736 732 3793 utriusque
744 3744 952 3796 Castellae,
984 3747 1079 3791 dieti
1106 3751 1299 3803 Ordinis,

283 3793 331 3834 ad
356 3791 538 3834 tollenda
562 3792 731 3848 damna,
761 3800 800 3840 δι
826 3801 1109 3859 incommoda,
1140 3822 1224 3864 quae
1247 3823 1298 3852 ex

1072 234 1598 322 Provincia

1379 354 1584 395 electione
1604 348 1884 392 Discretorum
1899 348 1994 404 ,qui
2009 349 2033 394 a
2047 351 2337 397 Conventibus
2364 351 2415 395 ad

1378 411 1562 454 effectum
1591 408 1655 450 sua
1671 407 1850 463 suffragia
1874 409 1912 450 in
1926 409 2128 464 Capitulis
2142 411 2408 455 Provinciali-

1380 472 1455 513 bus
1478 468 1634 511 ferendi
1667 467 1765 523 eligi
1795 468 2117 517 consueverant,
2148 468 2189 511 in
2214 468 2409 527 religiosa

1379 529 1487 586 pacis
1508 554 1523 576 ,
1545 528 1585 568 δι
1598 526 1826 569 concordiae
1837 555 1853 577 ,
1886 541 1932 572 ac
1950 528 2168 583 Regularis
2184 526 2425 584 Disciplina:

1378 585 1655 645 praejudicium
1672 585 1944 641 patiebantur,
1972 585 2084 628 usum
2121 585 2299 642 eligendi
2338 587 2413 629 ni-

1382 646 1536 689 scretos
1553 644 1759 700 praediftos
1775 644 1814 685 in
1835 645 1976 687 iisdem
1989 643 2198 700 utriusque
2211 643 2412 696 Castellae,

1383 717 1539 762 necnon
1570 704 1741 745 Bethicae
1768 703 1848 747 five
1874 703 2135 755 Andaluciae‚
2159 705 2199 745 δι
2225 705 2415 745 Navarrae

1383 761 1610 806 Provinciis
1637 760 1870 809 sustulerat,
1895 777 1939 804 ac
1968 773 2226 814 removerat,
2248 761 2413 805 Deinde
2445 809 2447 811 ,

1383 836 1455 879 per
1470 819 1567 862 alias
1586 818 1670 862 suas
1686 820 1837 876 pariter
1858 821 1898 862 in
1914 820 2026 864 simili
2045 820 2172 865 forma
2187 821 2328 863 Brevis
2343 833 2416 863 ex·
2445 818 2448 820 ’

1381 879 1537 937 peditas
1555 878 1714 921 litteras
1728 879 2037 934 abrogationem
2050 907 2065 928 ,
2091 882 2129 922 &
2142 879 2412 924 abolitionem

1384 937 1662 982 Discretorum
1691 935 1911 993 hujusmodi
1939 938 1987 980 ad
2004 939 2239 982 Provincias
2255 940 2415 993 Arago—

1383 999 1481 1047 niae,
1511 997 1552 1038 &
1581 996 1808 1046 Valentiae,
1838 996 2144 1047 Cathalauniae,
2181 995 2413 1052 Majoricae,

1382 1060 1419 1099 &
1442 1055 1632 1099 sardiniae
1655 1068 1752 1097 tunc
1781 1053 1955 1097 indivisae
1979 1053 2047 1098 sub
2079 1056 2203 1099 certis
2230 1054 2352 1098 modo
2373 1055 2414 1096 &

1383 1115 1512 1158 forma
1542 1125 1636 1157 tunc
1658 1112 2132 1170 expreffis,AuCtoritate
2150 1112 2384 1170 Apostolica
2397 1141 2416 1165 ,

1383 1173 1628 1218 extenderat
1650 1173 1690 1213 δι
1706 1172 1972 1228 ampliaverat
1988 1201 2001 1224 ,
2034 1174 2070 1215 &
2085 1172 2322 1229 alias,prout
2340 1171 2412 1215 in..

1385 1234 1486 1276 binis
1513 1231 1689 1285 ejusdem
1714 1230 1942 1274 Innocentii
1960 1230 2266 1275 Praedecefforis
2293 1229 2414 1273 litte-

1385 1289 1596 1346 ris,primis
1611 1288 1777 1347 quidem
1792 1289 1858 1332 die
1873 1304 1913 1332 xi
1926 1303 1958 1331 ι.
1971 1290 2179 1346 Septemb.
2192 1302 2412 1333 uncxcnr.

1383 1351 1504 1392 &die
1524 1364 1561 1392 v.
1576 1348 1728 1404 Aprilis
1750 1361 1975 1392 mncxctv.
1996 1349 2216 1405 respective
2240 1346 2414 1404 expedi-

1384 1411 1455 1459 tis,
1468 1422 1639 1464 quarum
1664 1418 1830 1450 tenores
1855 1407 2109 1463 praesentibus
2131 1421 2204 1464 pro
2217 1403 2410 1464 expressis

1386 1467 1528 1512 haberi
1545 1467 1728 1510 volumus
1746 1495 1758 1518 ‚
1773 1466 1930 1522 plenius
1944 1466 2181 1509 continetur
2195 1494 2207 1506 .
2223 1470 2282 1510 Ac
2299 1465 2409 1521 post-

1387 1526 1549 1569 modum
1573 1526 1644 1581 piae
1672 1538 1794 1566 mem.
1823 1523 2019 1567 Clemens
2048 1526 2126 1567 ΡΡ.
2153 1522 2225 1568 xi.
2252 1525 2408 1580 pariter

1385 1585 1654 1629 Praedeceffor
1669 1582 1817 1626 Noster
1843 1583 1917 1639 piis
1939 1581 2152 1626 chariffimi
2177 1583 2216 1625 in
2241 1582 2408 1625 Christo

1386 1645 1478 1689 Filii
1505 1642 1625 1685 nostri
1649 1641 1824 1698 Philippi
1856 1640 2093 1685 earumdem
2127 1638 2409 1696 Hispaniarum

1385 1704 1512 1758 Regis
1530 1700 1739 1745 Catholici
1758 1701 1859 1742 votis
1885 1713 2082 1752 annuens,
2096 1699 2321 1755 praedictam
2339 1698 2412 1741 Di·

1386 1765 1608 1805 scretorurn
1643 1759 1891 1804 electionem
1934 1761 1973 1803 in
2025 1759 2239 1803 Provincia
2287 1755 2409 1801 Flan-

1386 1822 1490 1864 dro-
1506 1821 1667 1875 Belgica
1707 1818 1803 1862 dini
1840 1819 2010 1863 Ordinis
2049 1818 2099 1861 ad
2125 1815 2411 1874 impediendas

1386 1880 1658 1923 relaxationes
1686 1879 1726 1918 δε
1749 1878 1941 1921 evitanda
1968 1875 2226 1934 praejudicia,
2255 1889 2340 1931 quae
2367 1874 2409 1917 in

1384 1938 1634 1995 Regularem
1649 1935 1962 1979 observantiam
1982 1949 2034 1978 ex
2056 1935 2219 1979 illorum
2236 1934 2411 1977 electio-

1378 1999 1498 2040 nibus
1514 1998 1699 2050 irrepere
1711 1991 1891 2037 solebant
1909 2023 1923 2046 ,
1953 1994 2161 2038 sustulerat
2189 1993 2314 2036 etiam
2329 2021 2343 2043 ,
2366 1992 2407 2034 8(

1377 2065 1607 2100 removerat
1619 2068 1689 2109 per
1701 2052 1889 2109 quasdam
1918 2053 2002 2096 suas
2018 2052 2160 2096 itidem
2177 2051 2335 2095 litteras
2359 2051 2402 2093 in

1379 2114 1508 2157 forma
1528 2114 1667 2156 Brevis
1695 2113 1764 2154 die
1778 2125 1880 2155 xxvi
1897 2126 1909 2154 1
1925 2125 1959 2153 1.
1975 2114 2082 2167 Aug.
2097 2125 2236 2154 MDccl
2253 2123 2284 2152 ι.
2302 2124 2408 2165 qua-

1378 2189 1468 2217 rum
1491 2184 1675 2215 tenorem
1693 2171 1951 2226 praesentibus
1978 2185 2050 2227 pro
2064 2169 2248 2225 expresso
2264 2168 2405 2211 haberi

1378 2234 1581 2276 volumus.
1600 2230 1716 2273 Abeo
1741 2240 1877 2272 autem
1910 2241 2127 2286 tempore,
2151 2227 2406 2283 experientia

1376 2291 1572 2340 docente,
1585 2289 1694 2345 quod
1712 2303 1790 2331 non
1806 2287 1930 2332 solum
1945 2287 2108 2339 damna,
2122 2287 2161 2328 δι
2177 2287 2401 2328 incommo-

1374 2351 1424 2393 da
1442 2347 1921 2405 ejusmodiDiscretorum
1935 2346 2132 2390 elestione
2151 2344 2302 2388 sublata
2320 2357 2404 2387 non

1373 2408 1556 2459 fuerant,
1573 2405 1639 2448 sed
1656 2405 1807 2464 majora
1822 2406 1858 2448 in
1877 2406 2040 2462 gravius
2068 2403 2261 2460 religiosae
2274 2403 2403 2459 pacis,

1371 2470 1412 2510 &
1425 2466 1651 2510 concordiae
1666 2493 1680 2515 ,
1698 2479 1743 2507 ac
1762 2464 1912 2519 Regul.
1931 2463 2076 2507 Obserss
2097 2462 2403 2520 praejudicium,
2471 2475 2473 2481 ’

1373 2527 1496 2569 etiam
1524 2538 1616 2566 cum
1644 2522 1831 2566 scandalo
1848 2550 1861 2573 ,
1894 2526 1935 2564 δι
1957 2522 2201 2566 saecularium
2225 2520 2400 2563 admira·

1372 2587 1484 2628 tione
1503 2583 1541 2625 in
1555 2580 1701 2624 eadem
1717 2583 1931 2625 Provincia
1946 2580 2193 2624 emerserant
2207 2608 2221 2631 ,
2244 2593 2288 2622 ac
2304 2581 2398 2623 astu

1370 2642 1819 2697 emergebant,Fratres
1837 2641 2028 2696 praedinae
2043 2638 2263 2684 Provinciae
2278 2637 2400 2680 Flan-

1368 2700 1642 2755 dro-Belgicae
1671 2698 1820 2753 pluries
1848 2700 1995 2743 nedum
2013 2697 2296 2755 Superioribus
2311 2699 2399 2740 Ge-

1369 2761 1574 2804 neralibus
1588 2758 1754 2801 Ordinis
1770 2758 1941 2812 praedieti
1953 2784 1967 2807 ,
1981 2758 2049 2801 sed
2063 2759 2187 2800 etiam
2202 2767 2299 2799 tunc
2313 2755 2398 2798 exi·
2480 2808 2481 2812 Ἰ

1369 2820 1488 2863 stenti
1513 2818 1620 2860 illius
1644 2817 1749 2872 apud
1777 2817 1927 2860 sedem
1946 2816 2216 2873 Apostolicam
2245 2816 2397 2857 Prote-

1367 2880 1491 2928 fiori,
1519 2890 1675 2918 necnon
1698 2875 1834 2919 eidem
1857 2875 2068 2919 Clementi
2085 2869 2395 2920 Praedeceffori,

1367 2936 1590 2994 praesertim
1630 2935 1670 2977 in
1698 2935 1893 2978 Comitiis
1924 2933 2197 2977 Generalibus
2227 2929 2396 2973 Ordinis

1365 2995 1540 3053 praedidti
1565 2994 1634 3036 die
1657 3004 1733 3035 xri
1750 3008 1780 3035 ι.
1806 2993 1902 3034 Maii
1929 3003 2143 3035 moccxii.
2167 2988 2391 3032 celebratis

1366 3069 1440 3111 pro
1452 3051 1691 3096 eorumdem
1709 3050 1995 3093 Discretorum
2010 3049 2212 3093 elefflone
2225 3078 2241 3099 ‚
2262 3061 2309 3089 ac
2326 3062 2393 3090 re-

1366 3112 1577 3156 stitutione
1593 3109 1932 3164 supplicaverant.
1949 3108 2066 3150 Idem
2081 3108 2278 3151 Clemens
2292 3107 2394 3149 Prae-

1362 3168 1546 3214 deceffor
1573 3167 1722 3209 dilecto
1749 3165 1853 3209 Filio
1879 3167 2070 3209 Michaeli
2090 3166 2254 3223 Angelo
2271 3165 2293 3207 ὲ
2309 3167 2394 3208 Ra-

1359 3229 1584 3285 gufia,tunc
1601 3224 1785 3268 Ministro
1796 3225 1996 3267 Generali
2008 3225 2176 3269 Ordinis
2194 3223 2384 3280 praedidi,

1359 3286 1511 3330 auditis
1537 3287 1645 3340 prius
1661 3310 1675 3333 ,
1699 3298 1744 3326 ac
1775 3285 1939 3326 visitatis
1969 3285 2152 3327 omnibus
2177 3283 2389 3338 &nugulis

1361 3342 1541 3402 ejusdem
1578 3342 1799 3385 Provincia:
1831 3342 2206 3398 Flandro—Belgicae
2236 3341 2390 3384 Fratri-

1362 3406 1461 3455 bus,
1495 3419 1540 3447 ac
1567 3417 1612 3443 re
1650 3400 1752 3443 serio
1773 3430 1787 3452 ,
1816 3402 2043 3458 prudenter
2065 3429 2079 3452 ,
2099 3403 2141 3442 ὅτ.
2163 3399 2388 3454 diligenter

1362 3459 1851 3510 examinathlefflonem
1877 3460 2159 3515 Discretorum
2183 3456 2390 3513 hujusmo-

1364 3521 1436 3572 di,
1463 3522 1490 3562 fi
1513 3519 1553 3561 id
1569 3518 1722 3561 Divinae
1735 3517 1873 3569 gloriae
1888 3545 1902 3567 ,
1921 3518 2089 3574 publicae
2111 3516 2390 3572 tranquillita-

1363 3579 1422 3628 ti,
1446 3592 1492 3620 ac
1520 3576 1737 3632 Regularis
1756 3575 2031 3619 Observantiae
2056 3577 2316 3619 incremento
2343 3576 2383 3621 in

1362 3636 1544 3681 Domino
1566 3635 1762 3690 expedire
1786 3631 1997 3689 judicasset
2015 3662 2031 3686 ,
2059 3634 2300 3677 restituendi
2325 3633 2386 3676 fa-

1362 3695 1560 3739 cultatem
1577 3694 1682 3737 dieta
1696 3695 1948 3735 Austoritate
1964 3691 2232 3743 concesserat,
2253 3695 2294 3736 δι
2310 3693 2386 3737 im—

1360 3755 1535 3810 pertitus
1564 3751 1724 3803 fuerat3
1752 3762 1873 3807 prout
1900 3752 1938 3793 in
1957 3752 2383 3800 memoratiClemen-

1359 3812 1410 3855 tis
1422 3809 1720 3857 Praedecefforis
1738 3810 1921 3861 Litteris,
1937 3809 2078 3855 itidem
2101 3812 2142 3856 in
2168 3811 2282 3854 simili
2299 3808 2383 3861 for->

2258 3882 2321 3911 ma
