2618 4108
375 179 546 264 216

313 290 369 336 fio
387 297 436 337 ad
456 291 619 337 alendos
638 297 899 348 praenarratos
913 285 1130 331 duodecim
1147 289 1334 344 Religio-

313 355 372 397 sos
395 352 576 395 sufficere
589 350 730 405 poffint
743 377 758 400 ‚
788 349 836 390 ad
863 348 1032 403 petitam
1046 349 1333 390 erectionem...

312 414 406 456 novi
427 407 664 455 Conventus
680 409 717 449 in
735 409 863 449 Terra
885 404 1106 461 supradicta
1130 419 1204 461 pro
1229 405 1331 447 duo-

311 471 444 514 decim
460 467 659 512 Fratribus
684 465 847 508 Ordinis
867 463 1122 521 hujusmodi,
1149 464 1332 507 authori-

311 540 398 573 tate
425 526 565 571 Nostra
592 522 850 581 Apostolica,
875 536 950 579 pro
973 531 1046 565 tuo
1069 523 1265 571 arbitrio,
1290 524 1330 564 &

311 584 554 630 conscientia
572 582 770 638 procedas
796 597 808 625 ε
838 583 895 624 ita
924 591 1086 632 tamen,
1116 592 1158 622 ut
1177 581 1218 623 in
1234 581 1332 623 reli-

309 646 396 701 quis
422 658 468 686 ea
490 643 622 685 omnia
637 670 652 694 ‚
678 655 762 697 quae
784 655 856 697 per
878 640 1200 683 Constitutiones
1222 642 1333 695 Apo·

310 702 463 746 stolicas
482 701 551 743 sel.
566 714 649 743 rec.
664 701 893 743 Clementis
911 701 1027 742 V111.
1044 728 1057 751 ,
1072 701 1199 754 Greg.
1213 700 1332 747 XV„

309 761 467 805 Urbani
482 762 608 803 V111.
627 787 642 811 ,
667 760 707 800 &
728 758 953 801 Innocentii
970 760 1025 799 Χ.
1051 759 1330 799 Romanorum

308 819 547 864 Pontificum
570 816 904 861 Praedecefforum
931 816 1168 859 Nostrorum
1195 816 1332 857 circa„

306 877 529 935 hujusmodi
549 889 691 919 novam
710 878 934 918 Domorum
955 873 1216 929 Regularium
1239 886 1332 915 ere-

307 939 458 980 e'tiones
477 935 605 978 editas
633 934 855 990 praescripta
879 934 964 977 sunt
985 957 1000 980 a
1031 929 1222 987 religiosi:
1248 930 1329 973 ser-

305 1006 486 1046 ventur,
512 1008 556 1036 ac
573 993 678 1037 salva
696 993 850 1049 semper
874 995 913 1035 in
936 989 1133 1049 praemiffis
1149 989 1328 1033 authori-

304 1064 392 1098 tate
422 1053 759 1109 congregationis
785 1079 799 1101 ,
831 1050 993 1107 ejusque
1019 1049 1321 1092 Cardinalium.

301 1116 398 1159 Non
413 1111 655 1156 obstantibus
666 1110 1022 1153 Constitutionibus
1037 1108 1322 1151 &Ordinatio-

301 1175 418 1218 nibus
433 1170 674 1227 Apostolicis
693 1198 706 1220 ,
729 1183 791 1220 ac,
807 1178 1006 1224 quatenus
1028 1181 1126 1223 opus
1143 1167 1186 1209 s1t
1202 1193 1216 1217 2
1230 1165 1325 1207 dieu

304 1230 470 1275 Ordinis
482 1256 496 1276 a
524 1227 685 1282 aliisque
700 1227 901 1282 quibusvis
916 1254 929 1274 ‚
945 1227 1067 1268 etiam
1082 1226 1326 1279 juramento,

304 1288 608 1333 confirmatione
622 1292 656 1328 A
661 1284 850 1341 postolica
865 1310 878 1334 2
901 1283 966 1328 vel
983 1287 1119 1341 quavis
1135 1282 1326 1327 firmitate

1095 173 1609 261 'Provincia

1394 290 1471 332 alia
1487 286 1682 333 roboratis
1695 287 1855 331 statutis
1869 289 1908 331 δε
1931 286 2306 345 consuetudinibus,
2330 293 2416 349 pri--⁴

1393 349 1555 403 vilegiis
1580 360 1768 403 quoque,
1795 346 1962 390 indultis
1977 375 1992 397 ‚
2016 348 2197 394 &literis
2215 351 2418 410 Apostoli-

1393 407 1450 449 cis
1472 408 1511 448 in
1537 406 1784 448 contrarium
1799 405 2080 461 praemissorum
2104 410 2417 464 quomodolibet

1392 463 1585 507 conceffis
1602 491 1617 514 a
1642 462 1886 507 confirmatis
1901 491 1917 514 a
1941 466 1980 505 &
1996 463 2223 510 innovatis.
2254 469 2413 528 Qubus

1389 522 1597 573 omnibus,
1618 523 1658 564 &
1673 522 1831 577 fingulis
1845 552 1859 574 ‚
1886 523 2048 566 illorum
2063 533 2228 568 tenores
2247 527 2416 583 praesen·

1395 583 1502 624 tibus
1522 594 1595 636 pro
1608 581 1728 636 plene
1741 582 1782 622 δι
1796 580 2041 624 sufficienter
2065 583 2252 639 expreffis
2267 613 2281 637 ‚
2305 587 2344 626 &
2361 583 2414 627 ad

1395 641 1567 685 verbum
1582 638 1740 682 insertis
1758 642 1977 693 habentes,
2002 639 2080 683 illis
2095 643 2191 686 alias
2208 642 2247 684 in
2264 642 2331 685 suo
2347 656 2415 684 ro-

1393 700 1494 740 bore
1510 697 1775 754 permansuris
1787 728 1802 751 ,
1827 701 1875 742 ad
1896 697 2179 755 praemissorum
2200 700 2384 744 effeftum
2399 727 2415 751 ‚

1391 758 1464 799 hac
1482 758 1571 799 vice
1585 756 1781 800 duntaxat
1797 786 1811 809 ,
1837 757 2062 814 specialiter
2081 761 2121 801 δι
2138 758 2325 816 expresse
2340 757 2416 800 de-

1393 828 1582 870 rogamus
1597 843 1611 866 ,
1634 815 1860 872 ceterisque
1875 817 2085 860 contrariis
2099 819 2415 876 quibuscunque.

1452 876 1600 915 Datum
1612 875 1753 918 Romae
1769 873 1874 930 apud
1890 879 1929 917 S.
1945 877 2111 919 Mariam
2130 877 2324 933 Major-em
2344 875 2412 917 sub

1390 933 1554 975 Annulo
1569 929 1778 974 Piscatoris
1796 933 1863 975 die
1878 947 1953 976 xv1
1964 961 1973 972 .
1990 935 2087 977 Maii
2110 951 2143 978 M
2157 953 2186 979 n
2200 950 2224 979 c
2239 951 2259 979 ι
2271 949 2298 978 x
2309 946 2354 976 xl
2368 949 2408 978 v·

1389 989 1656 1035 Pontificatus
1678 991 1812 1036 Nostri
1829 994 1952 1035 Anno
1967 992 2106 1048 quinto
2120 1022 2134 1036 .

1883 1111 1917 1152 1.
1935 1112 1989 1153 G.
2006 1109 2153 1155 Slufius
2169 1141 2182 1154 .

1450 1230 1506 1270 Ex
1520 1228 1690 1271 Archivo
1721 1230 1951 1270 Secretariae
1977 1231 2088 1272 Brev.
2109 1227 2238 1288 Apost.
2254 1227 2409 1288 Regcsso

1507 1287 1622 1345 mensi
1636 1287 1689 1338 ὁ*
1705 1290 1799 1329 anni
1810 1286 2020 1346 prad-fil.
2031 1302 2060 1346 9
2071 1302 2101 1331 ι.

425 1547 551 1584 Eritum
565 1544 766 1583 Fundatoris
782 1566 796 1587 2
827 1542 861 1580 8<
878 1541 1027 1580 Familiae
1052 1542 1119 1579 fuit
1140 1543 1160 1578 ὲ
1182 1542 1220 1582 8.
1234 1541 1519 1587 congregatione
1537 1547 1605 1582 sale
1628 1543 1840 1594 judicatum,
1864 1556 1904 1583 ut
1923 1546 2101 1585 &Domus
2121 1546 2359 1585 familiaribus
2373 1546 2407 1584 se

439 1596 608 1645 pulturam
623 1594 658 1630 in
674 1593 785 1630 nostra
805 1591 949 1630 Ecclesia
975 1591 1191 1636 concesserit,
1215 1601 1255 1627 ut
1280 1589 1454 1638 sequitur:

830 1690 1156 1757 Eminentiffi'mi
1173 1724 1189 1747 ,
1225 1708 1272 1738 ac
1296 1689 1650 1759 Reverendiffi'mi
1673 1692 1875 1744 Domini.

394 1810 571 1849 Renaldus
597 1809 749 1847 Sterlick
771 1808 863 1845 Baro
883 1807 1110 1858 Cermignani
1120 1808 1227 1845 Dioec.
1242 1807 1392 1845 Pinnen.
1420 1808 1495 1845 ΕΕ.
1509 1807 1590 1848 W.
1617 1810 1796 1850 humiliter
1820 1811 1960 1860 exponit
1972 1836 1984 1855 ,
2009 1811 2099 1861 quod
2116 1810 2190 1861 ejus
2206 1808 2352 1847 Familia
2363 1821 2405 1849 ex

302 1861 481 1899 devocione
495 1871 576 1907 erga
602 1861 641 1896 S.
656 1858 874 1906 Franciscum
899 1869 988 1892 anno
1007 1859 1108 1904 1669.
1135 1857 1174 1891 in
1187 1856 1276 1892 difla
1291 1855 1401 1893 Terra
1416 1857 1633 1896 conventum
1661 1860 1738 1898 PF.
1759 1861 2016 1908 Capacinorum
2040 1862 2059 1897 ἒ
2074 1860 2317 1908 fundamentis
2332 1871 2407 1897 ere-

298 1913 391 1948 xerit
402 1934 415 1953 ,
439 1909 481 1951 (ς’
493 1920 573 1954 erga
587 1907 678 1956 hosce
690 1907 876 1954 Religiosos
898 1905 990 1941 atius
1004 1906 1189 1942 charitatis
1193 1905 1324 1954 semper
1338 1905 1598 1944 continuaverit
1610 1932 1623 1950 ‚
1644 1909 1686 1950 ἐᾷ’
1700 1908 1812 1944 adhue
1831 1920 1867 1944 co
1880 1911 2020 1946 minuet
2035 1921 2047 1949 ς
2068 1919 2109 1945 ex
2122 1919 2185 1956 quo
2200 1908 2244 1949 ὠ·
2259 1908 2403 1944 eundem

298 1970 381 2006 erga
397 1957 470 1994 illos
485 1956 634 2006 affeiii’um
658 1964 882 2005 conceperunt
895 1954 1063 1990 Sacerdos
1088 1954 1134 1991 D.
1156 1954 1330 1990 Antonius
1345 1952 1542 1991 Romanelli
1555 1980 1567 1999 ‚
1589 1957 1631 1997 ὠ·
1644 1954 1682 1994 V
1679 1956 1828 2004 exillifer
1860 1955 1990 1994 Franc.
2003 1954 2199 1995 eAntonius
2224 1956 2266 1992 de
2280 1957 2404 2004 Ange-

300 2007 366 2051 lis,
395 2006 557 2043 Oratoris
586 2004 765 2045 &Domus
779 2003 852 2051 suae
867 2001 1064 2039 Familiares
1084 2029 1095 2040 .
1123 2002 1222 2039 Hinc
1238 2001 1307 2051 post
1332 2012 1468 2040 mortem
1498 2005 1536 2039 in
1550 2003 1684 2054 Ecclesia
1707 2005 1788 2041 diiii
1806 2005 2004 2044 Conventus
2021 2004 2163 2053 sepeliri
2187 2002 2401 2053 desiderant,

299 2056 402 2092 etiam
415 2054 460 2090 ad
473 2051 616 2103 effi‘fiium
625 2076 638 2095 ‚
661 2062 701 2089 ut
719 2065 759 2090 ex
765 2053 1046 2102 frequentatione
1060 2050 1203 2100 Ecclesia
1217 2061 1387 2098 augeatur
1417 2053 1456 2086 in
1470 2052 1514 2088 iis
1528 2057 1687 2090 memoria
1699 2053 1945 2104 suffragiorum
1957 2079 1969 2098 ‚
1989 2053 2056 2104 post
2068 2063 2208 2091 mortem
2223 2065 2243 2087 a
2263 2051 2404 2101 plican-

299 2103 441 2140 dorum:
472 2100 671 2149 cupiensque
681 2101 811 2138 Orator
825 2127 835 2142 ‚
861 2109 902 2137 ut
913 2099 995 2135 dt‘ffi
1004 2098 1197 2136 Romanellt‘
1211 2099 1252 2140 (θ’
1264 2099 1305 2136 de
1322 2098 1475 2148 Angelis
1488 2103 1601 2138 eadem
1616 2101 1841 2150 consolacione
1851 2104 2034 2151 potiantur
2051 2126 2066 2146 ,
2092 2101 2166 2140 ΕΕ.
2181 2097 2219 2138 V
2254 2124 2264 2137 .
2277 2099 2403 2138 humil-

301 2150 381 2188 lime
398 2159 461 2199 pro
478 2157 669 2198 opportuna
686 2149 826 2187 licentia
846 2147 1041 2197 supplicat.
1068 2149 1185 2199 Qum
1197 2148 1271 2189 &a

398 2202 508 2238 Sacra
524 2198 748 2246 Congregatio
766 2198 879 2235 Emin.
892 2198 935 2238 &¹
949 2196 1041 2233 Rev.
1065 2199 1105 2236 S.
1116 2197 1164 2233 R.
1176 2196 1216 2233 E.
1241 2196 1484 2234 cardinalium
1511 2208 1622 2247 negot.
1647 2199 1690 2240 ᾤ’
1710 2198 1855 2248 consult.
1877 2199 1983 2248 Episc.
1998 2200 2041 2241 ὠ·
2057 2197 2186 2247 Regni.
2200 2197 2371 2247 praepqsita
2381 2221 2399 2241 ,

297 2249 417 2286 audito
439 2247 485 2285 P.
494 2245 722 2283 Procuratore
735 2245 899 2284 Generali
912 2245 1061 2282 Ordinis
1074 2247 1182 2283 eidem
1194 2244 1339 2292 benigne
1356 2247 1510 2296 commisit
1524 2270 1534 2287 ,
1561 2257 1602 2284 ut
1615 2259 1658 2283 ve
1668 2250 1719 2283 ris
1735 2248 1952 2297 existentibus
1966 2249 2124 2285 narratis
2135 2244 2402 2296 petitamfacul-

299 2307 404 2335 tatem
422 2294 555 2345 prosuo
571 2297 719 2331 arbitrio
734 2297 775 2337 (3-
789 2295 994 2343 conscientia
1007 2294 1219 2332 Oratoribus
1240 2294 1461 2343 impertiatur
1474 2322 1483 2336 ,
1510 2297 1563 2332 ita
1579 2305 1692 2332 tamen
1704 2320 1715 2339 ‚
1735 2307 1776 2332 ut
1790 2297 1978 2345 hujusmodi
1989 2295 2171 2346 sepultura
2187 2296 2310 2344 absque
2325 2293 2398 2333 ullo

298 2355 426 2383 ornatu
437 2367 451 2388 ‚
475 2343 517 2384 δ’
529 2344 722 2392 appofitione
734 2344 912 2393 infigm‘um
926 2342 1141 2392 construatur
1159 2369 1168 2384 ,
1186 2342 1229 2383 (θ’
1237 2351 1299 2390 per
1312 2343 1456 2380 haeredes
1469 2344 1514 2381 ad
1533 2345 1718 2382 evitandas
1730 2345 1808 2384 lites
1819 2347 2051 2383 conveniatur
2066 2346 2169 2395 prius
2191 2355 2268 2383 cum
2283 2343 2404 2384 Paro-

300 2393 362 2432 cho
371 2395 480 2444 super
494 2390 631 2442 iuribus
649 2392 835 2442 funerum.
862 2390 976 2429 Roma
1000 2391 1056 2429 die
1070 2401 1105 2440 7.
1118 2392 1325 2429 ‘Decembris
1338 2401 1440 2440 1703.

1211 2491 1268 2541 G.
1307 2492 1347 2542 C
1347 2492 1551 2544 ardinalis
1582 2493 1806 2562 Carpineus
1824 2528 1838 2542 .

396 2618 450 2658 Ex
476 2615 612 2667 Regeflo
628 2616 760 2656 Secret.
782 2619 823 2659 S.
839 2618 1008 2667 congreg.
1034 2617 1135 2667 mens.
1160 2619 1203 2661 ὠ·
1223 2621 1309 2656 anni
1325 2621 1476 2670 praedifl.

486 2856 527 2897 D
585 2857 621 2897 Ε
682 2857 721 2898 C
780 2858 822 2898 R
882 2855 916 2896 Ε
978 2857 1014 2898 Τ
1075 2858 1117 2899 0
1371 2863 1409 2904 ci
1426 2862 1644 2918 antiquilus
1666 2876 1757 2905 cum
1776 2864 1906 2905 tribus
1923 2862 2088 2905 navibus
2105 2863 2262 2917 incepta
2280 2888 2295 2912 ‚
2317 2860 2395 2901 im-

1371 2919 1548 2977 perfeeta
1566 2919 1739 2964 manfisse
1763 2921 1986 2972 credatur,
2012 2934 2103 2962 cum
2133 2921 2255 2963 solum
2281 2919 2396 2961 navis

1373 2981 1416 3022 in
1431 2981 1567 3023 medio
1585 2979 1706 3024 fuerit
1723 2981 1858 3023 relicta
1873 2994 1887 3032 ;
1904 2993 1989 3035 quae
2003 2993 2054 3020 ex
2069 2992 2142 3021 una
2161 2990 2274 3034 parte
2288 3006 2302 3029 ‚
2315 2991 2396 3021 ceu

1373 3052 1455 3081 non
1471 3038 1685 3082 necessaria
1698 3069 1714 3089 ‚
1738 3036 1813 3080 fuit
1827 3038 1982 3095 dejecta
1996 3063 2010 3086 ‚
2032 3051 2083 3079 ex
2096 3038 2226 3080 altera
2243 3045 2394 3094 parte)

1369 3110 1487 3139 muro
1501 3096 1726 3139 antrorsum
1743 3097 1872 3139 clausa
1886 3125 1902 3147 ,
1925 3097 1965 3136 &
1980 3105 2063 3138 tres
2078 3097 2300 3139 manfiones
2315 3094 2394 3150 jam

1371 3168 1444 3211 per
1471 3154 1606 3210 plures
1623 3169 1745 3198 annos
1771 3169 1849 3212 pro
1872 3155 2151 3198 conservando
2176 3155 2285 3212 ligno
2310 3152 2395 3196 ser-

1369 3214 1526 3257 vientes
1542 3240 1556 3264 ,
1584 3213 1680 3256 inibi
1697 3215 1927 3256 construetae
1941 3241 1956 3264 ,
1981 3211 2093 3269 supra
2112 3224 2210 3270 quas
2226 3212 2391 3258 Dormi-

1367 3271 1519 3314 torium
1534 3270 1762 3316 confestum
1778 3274 1833 3315 est
1844 3302 1856 3314 .
1871 3276 2060 3328 Cumque
2076 3272 2116 3316 in
2133 3273 2246 3315 distis
2260 3270 2391 3314 tribus

1363 3330 1634 3374 mansionibus
1652 3330 1810 3374 nullum
1827 3330 2011 3387 Capellae
2037 3331 2245 3386 vestigium
2267 3343 2391 3385 appa-

1364 3398 1456 3431 reat
1472 3416 1486 3439 ,
1513 3403 1562 3432 ex
1583 3402 1661 3442 eo,
1686 3390 1795 3446 quod
1816 3404 1889 3433 nec
1913 3390 2098 3445 picturae,
2125 3403 2201 3432 nec
2227 3389 2388 3435 fornix,

1363 3461 1441 3491 nec
1457 3448 1721 3491 incrustatura
1735 3451 1812 3491 &c-
1830 3447 2044 3491 videantur
2057 3476 2072 3499 ‚
2092 3448 2133 3489 &
2145 3461 2264 3490 unam
2278 3447 2387 3491 de.»

1366 3503 1471 3549 hisce
1495 3505 1764 3551 mansionibus
1777 3509 1817 3549 in
1833 3506 2132 3548 habitationem
2157 3519 2233 3561 pro
2256 3508 2388 3548 Saecu-

544 2973 592 3023 S.
620 2973 819 3042 Congreg.
848 2973 887 3023 C
887 2974 1027 3023 oncilii
1043 3010 1057 3024 .

290 3100 452 3155 Unam
484 3117 541 3151 ex
581 3102 726 3152 tribus
763 3100 1066 3153 manfionibus
1103 3105 1310 3157 Ecclefiae

362 3174 629 3222 Conventus
649 3174 757 3222 Loci
774 3176 950 3222 Aveani
961 3209 978 3231 ,
997 3174 1144 3243 vulgo
1159 3177 1308 3234 Avez-

362 3254 464 3292 zano
488 3239 787 3306 adjacentibus
813 3259 896 3309 pro
924 3242 1199 3311 hospitandis
1223 3252 1310 3299 Sae·

363 3307 587 3359 cularibus
615 3312 905 3361 accomodari
938 3314 1226 3367 conceditur.

548 3437 634 3477 Enii
661 3450 705 3478 ac
735 3436 828 3481 Rffai
854 3437 1045 3483 Domini.

395 3546 448 3587 R.
470 3546 659 3613 Josephus
679 3553 702 3596 ὲ
726 3556 915 3599 Cnnistro
940 3559 1195 3605 Guardianus
1220 3566 1304 3608 Ca-

413 3617 640 3670 poucinorum
665 3613 816 3654 Aveani
833 3616 966 3659 Dioec.
986 3617 1206 3662 Marsorum
1226 3623 1300 3666 ἰὼ

294 3668 471 3715 Aprutio
487 3665 664 3707 EE-VV.
682 3668 924 3714 humillimus
940 3676 1093 3720 Orator
1106 3691 1305 3724 reveren-

293 3725 358 3762 ter
373 3721 563 3776 exponit,
578 3724 749 3777 qualiter
765 3725 913 3787 fabrica
927 3734 1114 3781 Ecclefiae
1131 3736 1226 3782 diui
1241 3739 1303 3782 lo-

1365 3564 1513 3608 laribus
1545 3564 1593 3607 ad
1626 3568 1891 3609 conventum
1934 3566 2051 3606 noctu
2081 3564 2386 3608 divertentibus

1362 3623 1547 3666 converti
1574 3623 1731 3668 necesse
1757 3624 1833 3674 sit,
1862 3623 2059 3665 EE.VV.
2086 3620 2312 3679 supplicat,
2343 3633 2387 3665 ut

1365 3680 1432 3724 vel
1453 3680 1648 3731 dubium,
1675 3697 1723 3725 an
1745 3686 1894 3726 Orator
1914 3680 1954 3722 id
1972 3678 2107 3724 facere
2131 3691 2282 3738 queat,
2308 3680 2388 3723 sol-

1361 3752 1460 3796 ‚vere
1476 3767 1491 3793 ,
1510 3750 1582 3784 aut
1601 3753 1694 3785 eum
1706 3771 1723 3794 ,
1744 3751 1941 3801 quatenus
1953 3754 2052 3796 opus
2065 3741 2135 3795 sit,
2158 3751 2385 3841 opportpna

2280 3813 2294 3842 ι
