2664 4114
452 312 491 365 Ἰ
508 311 559 362 o
575 285 628 367 8

388 391 462 438 bus
481 393 725 447 Apostolicis
741 419 754 444 ,
770 391 1002 445 caeterisque
1019 392 1230 434 contrariis
1258 392 1415 447 quibus-

387 465 562 509 cumque
582 483 592 492 .
630 455 780 494 Datum
806 452 945 492 Roma:
969 449 1074 503 apud
1106 449 1144 490 S„
1161 451 1327 494 Petrum
1343 451 1410 493 sub

386 510 785 613 eguisp'l‘oolziscatoris
800 509 868 550 die
883 507 1064 567 xii-junii
1079 517 1303 554 mutxxv‘ii.
1328 512 1409 554 An-

442 690 501 730 Ex
519 682 673 741 Regcsto
689 682 810 728 Arch.
835 681 1010 730 Vaticani
1025 685 1171 727 secreti
1187 681 1407 741 Epist-247.

1230 814 1405 829 *ἡ

379 806 609 831 ῥ-
863 815 976 828 —

387 906 546 958 Libros
562 942 580 967 ,
605 907 831 960 &leones
851 903 1031 962 Domus
1045 911 1403 977 Monopolitanae

446 979 539 1029 alio
562 977 854 1049 transportari
871 980 961 1032 ἃς.
995 977 1073 1028 sub
1090 979 1285 1028 censuris
1304 997 1404 1038 pro-

451 1049 576 1099 hibet
588 1085 603 1108 ,
620 1068 671 1100 ac
691 1051 1040 1118 prohibitionem
1061 1047 1318 1109 hujusmodi
1338 1048 1417 1104 se·¹

445 1122 539 1170 mel
568 1121 616 1171 in
643 1138 758 1170 anno
781 1124 825 1170 in
855 1122 988 1190 pleno
1006 1120 1223 1186 Capitulo
1252 1119 1400 1185 publi-

446 1192 539 1240 cari
554 1226 571 1250 ,
586 1188 633 1242 &
654 1192 776 1241 illius
795 1193 974 1259 copiam
993 1204 1132 1260 portae
1151 1190 1400 1241 Bibliothe-

447 1280 509 1310 cae
536 1259 664 1333 affigi
691 1261 903 1313 mandat.

376 1391 849 1444 URBANUS
904 1391 1399 1444 EPISCOPUS

625 1508 777 1550 Servus
804 1509 1025 1549 Servorum
1038 1506 1144 1549 Dei.

547 1622 614 1665 Ad
630 1632 861 1681 perpetuam
871 1621 954 1670 ‘reiv
969 1621 1194 1667 memoriam
1209 1653 1223 1665 .

447 1742 552 1782 Nter
580 1749 743 1785 caeteras
774 1741 1013 1796 Apostolicae
1041 1740 1249 1783 servitutis
1269 1738 1396 1782 Nobis

459 1799 736 1842 incumbentes
764 1814 880 1842 curas
902 1827 916 1850 ,
946 1812 993 1841 ea
1010 1799 1132 1841 etiam
1148 1827 1163 1852 ,
1178 1811 1250 1853 per
1276 1812 1395 1852 quam

367 1856 634 1911 Regularium
661 1858 842 1901 locorum
871 1858 1147 1913 quorumlibet
1173 1855 1397 1899 Bibliothe-

368 1927 435 1964 cae,
450 1913 499 1956 ad
516 1929 750 1959 communes
770 1919 810 1960 in
826 1917 883 1958 eis
908 1930 981 1970 pro
1002 1914 1397 1971 temporeAltiffimo

368 1969 641 2016 famulantium
657 1974 745 2017 usus
757 1972 1200 2022 destinatae2sartaetedtae
1213 1983 1398 2016 manute-

367 2042 542 2078 neantur
555 2061 571 2083 ,
601 2047 679 2076 non
696 2033 903 2076 immerito
916 2042 1205 2076 annumeratur
1218 2060 1232 2083 ,
1247 2034 1283 2075 δι
1298 2045 1394 2089 pro-

362 2089 503 2144 pterea
519 2090 576 2131 his
589 2118 603 2142 ,
617 2104 699 2145 quae
715 2105 786 2146 pro
801 2091 966 2135 illarum
982 2091 1294 2134 conservatione
1310 2089 1394 2133 uti·

364 2146 421 2189 lia
436 2145 524 2190 fore
541 2148 755 2200 videntur,
783 2164 855 2204 per
869 2149 1004 2192 nostrae
1025 2149 1256 2205 provisionis
1275 2148 1394 2192 mini-

365 2205 530 2246 sterium
548 2234 562 2258 ,
588 2208 710 2250 etiam
745 2207 1001 2251 censurarum
1026 2207 1390 2251 Ecclefiafficarum

364 2263 680 2307 comminatione
694 2266 946 2308 intendimus
960 2295 977 2315 ,
991 2277 1111 2322 prout
1121 2266 1388 2322 conspicimus

363 2322 405 2363 in
424 2324 602 2365 Domino
618 2321 831 2368 salubriter
850 2324 1046 2379 expedire
1062 2354 1074 2366 .

420 2380 615 2425 Exhibita
629 2381 822 2443 liquidem
835 2383 959 2426 Nobis
973 2397 1098 2438 nuper
1113 2395 1185 2438 pro
1196 2389 1311 2437 parte
1325 2382 1390 2425 di-

363 2437 460 2481 lefti
477 2440 571 2483 Filii
583 2440 863 2484 Procurat'nris
877 2440 1277 2492 Generalis,0rdinis
1292 2443 1391 2483 Fra-

368 2506 474 2540 trum
513 2501 554 2541 S.
572 2497 771 2542 Francisci
799 2499 1104 2555 Capucinorum
1135 2511 1390 2555 nuncupato·

365 2570 472 2607 rum,
489 2558 784 2614 Monopolitan.
804 2558 949 2612 petitio
965 2558 1216 2609 continebat,
1229 2559 1337 2615 quod
1353 2562 1394 2601 in

366 2615 502 2656 Domo
517 2614 903 2672 Regulariejusdern
916 2614 1080 2660 Ordinis
1094 2616 1391 2675 Monopolitan.

370 2673 624 2715 Bibliotheca
654 2673 698 2717 fit
726 2675 843 2716 variis
871 2674 983 2718 libris
1007 2675 1221 2724 instructa,
1248 2677 1390 2733 &qua⁴

367 2740 463 2773 tuor
490 2734 633 2773 leones
671 2746 749 2774 non
776 2731 993 2774 mediocris
1029 2731 1189 2776 artificii
1222 2733 1390 2777 eidem-2

365 2790 547 2840 Domui,
571 2790 634 2830 seu
664 2789 769 2832 illius
795 2790 978 2834 Ecclefiae
1004 2791 1159 2835 donatae
1179 2793 1389 2847 reperian-

366 2855 462 2894 tur,
493 2850 532 2888 &
556 2847 777 2891 timendum
801 2851 876 2901 fit,
911 2864 960 2892 ne
989 2848 1162 2893 successu
1189 2852 1384 2908 temporis

366 2906 581 2954 iamlibri,
605 2909 720 2962 quam
747 2910 889 2951 leones
918 2907 1142 2964 hujusmodi
1167 2938 1181 2960 ,
1219 2911 1271 2952 ob
1299 2924 1386 2952 mu-

364 2963 564 3006 tationem
594 2994 609 3015 ,
641 2966 681 3005 &
705 2967 1068 3010 commodationem
1109 2966 1278 3012 illorum
1315 2981 1386 3011 va-

364 3021 431 3062 riis
458 3018 635 3078 personis
663 3022 791 3066 forsan
813 3024 1068 3074 faciendam,
1095 3037 1161 3068 aut
1182 3027 1311 3079 alias,
1342 3028 1381 3071 in

361 3094 548 3136 magnum
576 3080 684 3126 dicia:
700 3083 849 3125 Domus
874 3085 1064 3128 damnum
1076 3083 1375 3139 depes-dantur.

361 3141 503 3194 Qare
517 3154 592 3195 pro
612 3150 729 3196 parte
742 3142 838 3183 dieti
852 3144 1134 3185 Procuratoris
1151 3144 1278 3186 Nobis
1302 3142 1380 3187 fuit

363 3196 570 3240 humiliter
585 3198 877 3256 supplicatum,
908 3198 1108 3257 quatenus
1130 3201 1165 3243 in
1180 3202 1378 3257 praemiffis

365 3256 591 3317 opportune
607 3258 822 3312 providere
835 3287 849 3314 ,
877 3259 929 3302 de
946 3261 1198 3318 benignitate
1211 3260 1379 3319 Aposto-

366 3308 442 3352 lica
456 3311 717 3368 dignaremur
732 3345 744 3359 .

424 3371 511 3434 blos
526 3371 660 3423 igitur,
675 3375 741 3428 qui
758 3375 956 3420 fidelium
972 3376 1262 3434 quorumlibet,
1282 3392 1377 3431 prae-

369 3421 505 3466 sertim
520 3429 778 3494 Ruegularium
792 3464 808 3485 ,
819 3437 856 3476 &
871 3434 1169 3493 Religiosarum
1187 3436 1378 3480 Persona·

367 3494 454 3523 rum
482 3495 585 3527 votis
610 3486 783 3552 libenter
799 3496 1031 3548 annuimus,
1061 3494 1205 3550 easque
1225 3492 1377 3539 favori-

368 3538 439 3579 bus
466 3541 736 3598 prosequimur
761 3553 1025 3606 opportunis,
1055 3552 1203 3594 dictum
1229 3557 1375 3598 Procu-

367 3606 540 3662 ratorem
556 3603 826 3658 Generalem,
850 3625 894 3653 ac
908 3610 1021 3666 ipfius
1040 3610 1189 3654 Domus
1208 3613 1376 3669 singula·-

365 3666 430 3719 Ῑῗῧ
473 3655 661 3699 Person-“1⁸
696 3660 717 3702 ὲ
754 3667 951 3718 quibusvis
988 3671 1375 3714 excommunicatio·

362 3725 422 3776 nis
439 3713 513 3753 διε.
530 3715 575 3778 ,ὃς
591 3715 786 3781 absolutas
801 3720 884 3766 fore
902 3729 1110 3770 censentes
1128 3756 1142 3779 ,
1169 3728 1374 3782 hujusmo-

361 3769 401 3808 di
418 3770 763 3839 supplicationibus
777 3780 950 3825 inclinati
962 3797 976 3836 ·,
988 3785 1113 3844 Qod
1129 3800 1176 3829 ex
1192 3801 1295 3829 nunc
1313 3787 1367 3830 de

360 3838 730 3885 coe‘efflpefl‘e‘uis
744 3834 887 3881 futuris
914 3844 1164 3898 temporibus
1189 3845 1301 3891 nulla
1318 3860 1367 3889 ex-

1197 276 1710 367 ‘Provincia

1473 396 1588 437 dictis
1605 393 1792 438 iconibus
1807 418 1821 443 ,
1849 393 2029 449 nullique
2045 390 2211 436 omuino
2229 390 2320 434 libri
2338 393 2496 436 iti-dicta

1471 453 1724 497 Bibliotheca
1754 453 1981 500 reconditi,
2006 453 2045 493 δι
2076 450 2356 503 recondendi,
2379 465 2425 494 ac
2454 456 2494 494 in

1470 510 1540 554 illa
1555 527 1628 567 pro
1645 524 1831 563 tempore
1856 514 2073 555 exilientes
2089 538 2104 560 ‚
2131 507 2276 559 vendi,
2305 510 2369 552 vel
2394 510 2492 553 alie-

1469 571 1582 622 nari,
1609 570 1803 625 praestari,
1831 575 1971 613 mutuo
1995 570 2111 616 dari,
2134 565 2333 621 quibusvis
2350 568 2490 623 perso-

1468 627 1525 668 nis
1540 627 1847 674 comodari2alio
1862 626 2144 682 transportari,
2158 635 2226 666 aut
2245 627 2342 670 alias
2357 625 2489 669 aufer.

1469 685 1502 728 ri
1521 685 1678 742 poffint‚
1691 695 1756 726 aut
1771 686 1961 737 debeant,
1977 688 2013 727 in
2030 700 2101 742 per
2113 694 2238 738 petuu
2248 698 2299 733 m,
2316 685 2491 740 Aposto-

1468 745 1547 787 lica
1578 744 1858 795 Auctoritate,
1887 757 2030 788 tenore
2059 740 2311 799 praesentium
2329 771 2342 794 ‚
2360 743 2495 784 statui-

1466 820 1549 848 mus
1564 833 1578 856 ,
1595 805 1630 845 &
1643 803 1876 845 ordinamus
1890 832 1900 844 .
1922 807 1975 846 Et
1992 801 2251 846 nihilominus
2274 802 2460 843 omnibus
2473 829 2488 853 ,

1462 867 1503 907 δε
1519 862 1678 917 singulis
1693 863 1972 917 Superioribus
1990 859 2201 917 Religiolis
2216 890 2234 911 ‚
2248 872 2327 902 tarn
2349 859 2488 915 praefa-
2510 908 2516 915 ,

1463 925 1544 972 iis,
1567 923 1685 975 quam
1708 920 1874 962 atterius
1907 919 2177 976 cujuscunque
2208 920 2377 960 Ordinis
2411 931 2487 973 pro

1462 991 1648 1032 tempore
1663 978 1949 1027 existentibus,
1975 980 2013 1020 in
2041 981 2191 1021 virtute
2218 978 2353 1019 sanetae
2381 980 2486 1018 obe-

1461 1037 1621 1082 dientiae
1639 1063 1653 1084 2
1677 1049 1722 1078 ac
1750 1033 1818 1078 sub
1833 1050 1941 1091 paena
1960 1035 2392 1094 excommuuicationis
2411 1045 2483 1090 pet

1460 1095 1815 1141 contravenientes
1839 1094 2110 1144 incurrenda,
2144 1107 2195 1134 ne
2221 1095 2345 1135 libros
2370 1096 2408 1134 in
2426 1093 2490 1135 di-

1459 1160 1520 1199 &a
1537 1154 1786 1198 Bibliotheca
1801 1183 1816 1204 ,
1843 1150 1911 1195 seu
1929 1154 2073 1195 leones
2086 1179 2101 1202 ‚
2118 1160 2162 1193 ut
2177 1149 2407 1206 praefertur,
2423 1165 2491 1192 re·

1460 1214 1640 1259 conditas
1655 1242 1668 1264 ,
1681 1215 1719 1254 δι
1732 1212 1771 1254 in
1790 1211 1992 1266 posterum
2010 1208 2285 1254 recondendas
2297 1236 2312 1260 ,
2327 1222 2401 1264 per
2425 1209 2487 1257 se,

1460 1273 1527 1317 vel
1542 1287 1612 1329 per
1627 1271 1879 1326 interpositas
1902 1268 2089 1325 personas
2106 1267 2287 1310 vendere
2303 1293 2316 1314 a
2329 1267 2490 1322 praesta-
2526 1316 2536 1326 ⁸

1463 1347 1508 1376 re
1525 1359 1539 1383 ,
1562 1333 1705 1374 mutuo
1719 1330 1844 1377 dare,
1872 1327 2076 1384 quibusvis
2097 1325 2276 1383 personis
2301 1339 2491 1368 commo-

1461 1391 1587 1439 dare,
1617 1390 1700 1437 alio
1719 1387 2021 1444 transportare,
2051 1397 2115 1429 aut
2142 1386 2239 1428 alias
2258 1385 2487 1440 quomodoi·

1462 1450 1565 1494 libet
1587 1462 1637 1491 ex
1661 1447 1822 1504 praesata
1853 1445 2106 1489 Bibliotheca
2136 1445 2356 1486 extrahere
2385 1455 2488 1499 quo.-

1460 1507 1666 1565 quomodo
1691 1505 1866 1550 audeant
1885 1531 1900 1556 ‚
1927 1505 1993 1547 seu
2019 1503 2248 1559 praesumant
2266 1530 2280 1553 ,
2314 1500 2487 1544 aue'tori·

1460 1579 1574 1619 tate,
1604 1569 1641 1608 &
1672 1575 1819 1608 tenore
1844 1563 2040 1621 praemiffis
2063 1562 2275 1606 districtius
2305 1559 2488 1615 praecipi·

1458 1640 1544 1668 mus
1561 1655 1576 1676 ,
1599 1627 1639 1666 δι
1653 1623 1884 1666 mandamus
1898 1652 1910 1665 .
1944 1626 2038 1665 Non
2060 1619 2305 1667 obstantibus
2321 1618 2484 1662 Consti-

1460 1684 1684 1729 tutionibus
1699 1706 1717 1732 9
1745 1683 1785 1723 &
1798 1679 2132 1724 ordinationibus
2148 1677 2404 1733 Apostolicis,
2416 1676 2483 1720 di-,

1457 1748 1603 1798 ‹ftaeque
1623 1738 1775 1785 Domus
1792 1768 1805 1791 ,
1829 1756 1873 1784 ac
1889 1738 2055 1782 Ordinis
2073 1736 2330 1791 hujusmodi,
2357 1737 2484 1779 etiam

1457 1802 1687 1859 juramento
1712 1829 1726 1849 ‚
1757 1797 2083 1842 Confirmatione
2113 1795 2342 1851 Apostolica
2365 1820 2380 1842 2
2415 1792 2484 1835 vel

1457 1861 1602 1917 quavis
1634 1858 1826 1900 firmitate
1867 1857 1944 1899 alia
1982 1855 2182 1898 roboratis
2216 1854 2366 1895 statutis
2398 1879 2413 1903 ‚
2442 1848 2483 1891 &

1459 1916 1817 1960 consuetudinibus
1831 1946 1844 1967 ‚
1867 1915 2092 1971 privilegiis
2110 1926 2273 1968 quoque
2292 1910 2484 1961 indultis,

1457 1979 1496 2018 &
1511 1970 2168 2029 LiterisA‘postolicis‚illi‚ejusque
2181 1969 2480 2024 Superioribus,

1455 2038 1495 2076 δι
1513 2033 1688 2090 personis
1703 2060 1717 2082 ‚
1743 2031 1812 2074 sub
1827 2032 2139 2089 quibuscumque
2158 2029 2380 2072 verborum
2395 2025 2482 2069 for-

1453 2094 1529 2136 mis
1544 2087 1734 2135 concessis
1747 2119 1764 2141 ,
1776 2089 2022 2134 confirmatis
2036 2114 2050 2138 2
2071 2089 2109 2129 Sc
2124 2086 2351 2130 innnovatis
2367 2082 2484 2142 :qui-

1453 2155 1526 2196 bus
1541 2150 1755 2202 omnibus,
1786 2147 1935 2194 etiamfi
1965 2146 2017 2189 de
2042 2145 2152 2196 illis,
2179 2155 2480 2200 eorumqueto-

1453 2213 1507 2255 tis
1524 2210 1728 2253 tenoribus
1758 2207 1945 2251 habenda
1971 2202 2068 2247 effet
2097 2206 2137 2246 in
2164 2203 2301 2246 nostris
2328 2203 2480 2246 litteris

1453 2270 1607 2314 mentio
1623 2267 1804 2324 specialis
1823 2294 1838 2318 ,
1868 2267 1947 2307 illis
1962 2264 2060 2307 alias
2077 2262 2116 2304 in
2141 2262 2209 2303 suo
2223 2263 2372 2305 robore
2387 2275 2481 2319 per—

1450 2325 1671 2372 mansuris,
1697 2326 1768 2366 hac
1795 2328 1882 2366 vice
1909 2324 2119 2364 dumtaxat
2150 2320 2410 2375 specialiter,
2436 2322 2476 2361 ik
2639 2321 2642 2378 ᾗ

1450 2384 1639 2440 expresse
1658 2385 1797 2426 harum
1819 2383 1918 2424 serie
1944 2381 2215 2435 derogamus,
2243 2379 2479 2435 caereristltte
2638 2379 2641 2429 ζ

1451 2443 1666 2488 contrariis
1696 2440 2010 2498 quibuscumque
2037 2467 2048 2479 .
2085 2437 2282 2480 Volumus
2310 2445 2477 2489 autem,
2637 2437 2640 2478 ἐ

1451 2503 1562 2560 quod
1588 2498 1800 2558 praesentes
1827 2501 1965 2541 nostre
1989 2498 2115 2540 literae
2134 2524 2147 2546 ,
2178 2493 2323 2538 saltem
2349 2492 2474 2541 s'emel

1452 2561 1636 2620 quolibet
1653 2572 1776 2610 anno,
1790 2559 1828 2600 in
1842 2557 1962 2613 pleno
1978 2555 2177 2609 Capitulo
2191 2554 2302 2597 dista
2317 2553 2474 2596 Docu‘is

1454 2620 1747 2678 publicentur,
1773 2618 1809 2659 &
1835 2616 1996 2660 illarum
2023 2613 2139 2669 copia
2158 2640 2172 2662 ‚
2199 2625 2245 2654 at:
2271 2613 2476 2669 exemplar

1454 2677 1734 2724 authenticum
1756 2675 1807 2717 ad
1827 2677 1927 2726 hoc,
1948 2684 1993 2718 ut
2018 2672 2067 2715 ad
2092 2671 2269 2713 omnium
2285 2672 2473 2714 notitiam

1451 2738 1671 2796 pervenire
1691 2734 1834 2791 poffint
1850 2735 1923 2785 ,in
1947 2731 2062 2788 ipsius
2079 2730 2340 2775 Bibliothecae
2350 2740 2471 2788 ‚porta

1448 2805 1685 2840 remaneant
1720 2793 1834 2835 affixa
1867 2822 1877 2835 .
1923 2790 2035 2835 Nulli
2072 2802 2175 2844 ergo
2209 2790 2372 2830 omnino
2399 2790 2469 2831 ho.

1432 2876 1434 2878 v
1448 2857 1597 2898 minum
1613 2853 1731 2896 liceat
1749 2854 1848 2895 hanc
1865 2851 2049 2907 paginam
2063 2848 2470 2892 mstsaeCoustinitio·

1445 2916 1506 2959 nis
1521 2945 1535 2966 ,
1567 2913 1698 2956 statuti
1713 2940 1727 2962 ,
1747 2910 2010 2954 ordinationis
2027 2936 2041 2959 ,
2074 2908 2262 2963 praecepti
2277 2935 2291 2959 ,
2309 2907 2471 2951 manda·

1447 2975 1506 3025 ti,
1527 2969 1827 3027 derogationis,
1842 2972 1880 3011 ἃ
1897 2968 2118 3012 voluntatis
2133 2966 2380 3020 infringere,
2400 2965 2468 3018 vel

1445 3034 1483 3075 ei
1500 3029 1592 3075 ausu
1607 3029 1829 3073 temerario
1839 3028 2069 3077 contraire3
2092 3025 2115 3066 fi
2131 3027 2218 3081 quis
2234 3034 2371 3065 autem
2383 3024 2464 3066 hoc

1444 3100 1646 3136 attentare
1665 3085 1948 3143 praesumpserit
1962 3114 1975 3137 ,
1990 3084 2303 3140 indignationem
2318 3083 2467 3125 Omni-

1440 3148 1618 3206 potentis
1649 3148 1755 3196 Dei,
1781 3158 1827 3186 ac
1851 3145 2070 3187 Beatorum
2102 3143 2217 3184 Petri
2239 3169 2253 3193 ,
2282 3142 2320 3183 &
2348 3141 2464 3183 Pauli

1438 3205 1723 3263 Apostolorum
1749 3200 1834 3257 ejus
1847 3202 1886 3244 se
1902 3201 2059 3246 noverit
2075 3201 2324 3244 incursurum
2335 3232 2347 3242 .

1496 3269 1643 3309 Datum
1661 3264 1800 3304 Romae
1825 3261 1928 3317 apud
1944 3262 2126 3303 sanctam
2144 3262 2318 3304 Mariam
2329 3258 2461 3314 Majo-

1438 3339 1526 3367 rem
1552 3325 1671 3363 Anno
1691 3317 1984 3364 incarnationis
2004 3318 2224 3361 Dominicae
2245 3315 2459 3362 millesimo

1437 3379 1725 3426 sexcentesimo
1752 3377 1941 3434 vigesimo
1957 3377 2073 3421 sexto
2087 3377 2217 3433 pridie
2233 3378 2460 3422 Nanasse-

1436 3440 1631 3500 ptembris
1646 3437 1906 3483 pontificatus
1921 3437 2038 3482 nostri
2053 3440 2172 3480 Anno
2185 3445 2341 3493 quarto.

1940 3554 2126 3597 octavius
2140 3553 2310 3597 Azorius
2327 3580 2340 3594 .

1941 3616 2067 3668 ungo-
2075 3613 2309 3656 Chausbnes
2319 3639 2332 3652 .

1494 3733 1698 3786 Exemplar
1719 3735 1765 3774 in
1779 3731 1947 3773 Archino
1967 3731 2142 3786 generali
2163 3729 2323 3775 Ordinis
2340 3731 2450 3772 Arm

1542 3791 1755 3836 Provincia
1771 3790 1964 3833 Barenfis.

2309 3908 2395 3948 De·
2439 3881 2442 3894 ³
