2774 4088
422 218 575 301 viii
822 204 2059 299 PROSEC‘UTIO

371 336 594 398 toriam
631 330 734 401 seu
773 331 1238 396 declaratoriam
1259 375 1272 391 .
1322 326 1557 395 Suarez
1592 327 1732 417 dzsp.
1763 353 1857 414 17.
1893 329 1972 397 de·
1999 329 2261 414 cenfitris
2283 325 2500 398 seda:
2583 331 2585 333 ¹

368 448 425 487 n.
452 450 509 507 4.
549 422 789 518 sylvest.
817 422 878 488 V.
897 420 1276 510 Rqfi'riptum
1301 443 1357 509 q.
1384 442 1436 489 2,
1474 417 1552 488 δέ)
1574 422 1689 490 alli
1709 440 1925 490 contra
1949 426 2299 496 Navarrum
2322 474 2338 501 ,
2357 447 2500 491 cum

369 516 936 599 excommunicatio
976 513 1200 580 habeat
1221 513 1542 605 pedariam
1582 517 2054 591 executionem,
2104 517 2353 606 &leges
2372 542 2498 583 rne-

361 630 494 676 ram
533 632 792 698 poenam
835 606 1216 699 spiritualem
1249 604 1617 683 infer-entes,
1667 627 1768 678 aut
1803 610 2260 678 invaliditatem
2294 612 2374 682 ad
2397 614 2499 676 ali-

364 726 552 791 quem
592 702 790 767 astum
833 701 1240 778 inducentes,
1285 724 1420 778 non
1455 701 1774 790 requirant
1814 704 2205 770 Sententiam
2230 703 2494 783 judicis,

363 797 449 857 uti
505 795 572 858 in
631 796 928 886 exemplo
975 794 1629 867 excommunicationis
1673 796 1737 859 in
1783 793 2163 886 percuflores
2215 796 2493 864 Clerico-

357 909 492 953 rum
523 889 644 979 latez¹
690 889 1001 981 patentius
1039 890 1267 980 liquet.
1392 964 1403 973 ,υ
1566 896 1571 900 ’
1839 920 1842 922 ’

539 984 636 1047 Ex
671 981 896 1075 quibus
933 982 991 1048 8(
1026 984 1218 1058 ratiO,
1256 981 1341 1048 ob
1375 1005 1559 1073 quam
1596 983 1813 1051 litteris
1844 985 2223 1074 Apostolicis
2259 982 2490 1050 absolu-

355 1075 444 1138 tio
477 1072 555 1138 ab
599 1076 1268 1142 Excommunicatione
1306 1077 1365 1142 8<
1400 1075 1665 1141 censuris
1720 1076 2002 1142 inseritur
2048 1077 2127 1140 ad
2156 1078 2491 1151 cautelam,

357 1165 547 1232 fluide
586 1169 931 1258 detegitur:
982 1186 1272 1260 operatur
1304 1169 1471 1238 enirn
1495 1170 1594 1234 illa
1617 1219 1632 1246 ,
1681 1183 1745 1231 ut
1767 1218 1782 1244 ,
1804 1169 1846 1235 fi
1869 1171 2004 1261 quis
2041 1171 2108 1234 in
2143 1191 2493 1233 excommu-
2567 1236 2570 1238 ,

352 1261 669 1327 nicatione
715 1261 1077 1327 constitutus
1113 1262 1506 1354 Rescriptum
1543 1261 1884 1332 obtinuerit
1917 1313 1933 1340 ,
1973 1262 2174 1331 valide
2214 1284 2284 1324 ac
2319 1261 2488 1326 licite

353 1377 473 1443 pro
512 1353 651 1420 foro
677 1357 927 1423 interno
951 1379 1028 1425 eo
1058 1356 1144 1425 uti
1183 1355 1398 1446 poffit,
1450 1379 1590 1420 curn
1615 1356 1680 1421 vi
1698 1356 1873 1427 disice
1915 1354 2317 1423 absolutionis
2354 1355 2489 1418 vin-

355 1447 495 1511 culo
536 1447 641 1511 suo
686 1446 1008 1522 liberetur,
1043 1447 1251 1516 saltem
1306 1449 1392 1515 ad-
1428 1447 1714 1518 effestum
1749 1449 2053 1540 Rescripti
2101 1446 2490 1538 consequen-

355 1541 509 1605 dum
546 1589 559 1604 .
619 1542 683 1605 Si
736 1558 945 1604 tamen
998 1536 1300 1606 absolutio
1357 1541 1631 1627 primum
1669 1541 1994 1634 Rescripto
2032 1539 2488 1632 superveniret,

353 1637 479 1700 hoc
515 1633 754 1724 semper
790 1632 1029 1701 nullum
1075 1628 1234 1699 foret
1255 1679 1270 1707 ,
1314 1652 1456 1702 curn
1479 1629 1659 1702 fuerit
1697 1635 2092 1725 impetratum
2125 1634 2202 1703 ab
2222 1638 2484 1706 Excom-

356 1747 671 1794 municato
694 1777 708 1792 .
2435 1762 2438 1766 -

538 1825 638 1885 De
679 1820 1147 1913 Rescriptorum
1210 1819 1429 1888 effefitu
1472 1825 1640 1888 varia
1699 1821 1784 1887 est
1818 1826 2170 1889 Do&orum
2223 1824 2481 1912 opiniO,

356 1938 622 2008 quorum
659 1916 850 2005 aliqui
888 1932 1015 1980 tam
1052 1914 1341 2006 rescripta
1380 1919 1620 2006 gratiae,
1671 1919 1852 2026 quam
1892 1917 2120 2002 justitiae
2158 1917 2287 1981 vim
2331 1916 2486 2003 legis

353 2009 583 2075 habere
626 2008 980 2093 deducunt,
1029 2024 1160 2073 tum
1202 2031 1280 2074 ex
1315 2010 1351 2075 l.
1384 2034 1431 2074 1.
1442 2008 1530 2099 ff
1567 2008 1639 2073 de
1677 2009 1914 2091 constit.
1952 2005 2276 2077 Princl&
2300 2015 2350 2091 ᾗ.
2368 2007 2490 2092 fid

357 2100 436 2171 δέ)
460 2099 624 2190 quod
638 2100 1156 2188 Princzpi,instit.
1179 2101 1277 2167 lib.
1309 2129 1356 2168 1.
1389 2102 1460 2168 de
1479 2105 1628 2187 jure
1658 2117 1788 2168 nat.
1798 2120 1970 2189 gent.
2003 2099 2081 2170 δέ)
2108 2102 2270 2167 civil.
2292 2097 2490 2191 Qod

352 2193 881 2283 Principiplacet,
921 2194 1071 2281 legis
1106 2196 1378 2280 vigorem
1400 2196 1613 2271 habet,
1660 2213 1791 2263 tum
1824 2219 1897 2261 ex
1941 2192 2483 2270 Antonomafian,

356 2312 479 2381 qua
515 2289 801 2354 dicuntur
831 2289 1177 2376 privilegia
1215 2339 1230 2365 ,
1292 2287 1458 2380 quafi
1516 2291 1898 2381 privatorum
1958 2292 2127 2380 leges
2161 2338 2175 2363 ,
2227 2290 2486 2377 privant·

354 2382 525 2447 enim
572 2383 776 2471 legem
818 2379 1190 2451 shoeffefim
1222 2435 1238 2462 ‚
1287 2386 1437 2449 dum
1478 2382 1726 2449 seorsim
1769 2384 1804 2446 a
1838 2387 2005 2473 Lege
2047 2382 2337 2446 Generali
2366 2381 2483 2445 'ali-

356 2476 509 2566 quid
555 2473 826 2540 statuitur
873 2493 997 2562 cap.
1021 2476 1425 2564 privilegium
1458 2474 1584 2562 dist.
1629 2501 1683 2559 3.
1715 2476 1844 2541 Alii
1881 2491 2087 2541 tamen
2130 2471 2485 2558 hujusmodi—

354 2569 486 2632 vim
523 2568 596 2632 iis
639 2567 981 2657 denegant,
1013 2591 1091 2634 ex
1139 2571 1414 2645 ratione,
1464 2569 1638 2660 quod
1672 2592 1803 2634 non
1852 2592 1970 2659 pro
2011 2582 2142 2631 tota
2179 2570 2486 2638 Commus

351 2662 543 2725 nitate
576 2658 878 2737 ferantur,
927 2684 1043 2727 nec
1081 2659 1430 2732 solemniter
1465 2660 1890 2752 publicentur,
1927 2662 2312 2750 tendantque
2346 2660 2486 2724 uni-v

353 2754 424 2817 ce
466 2753 546 2818 ad
585 2751 866 2819 favorem
911 2752 1311 2822 Personarum
1355 2757 1813 2847 particularium
1845 2804 1858 2820 .
1907 2758 1986 2820 Et
2020 2755 2311 2846 quamvis
2347 2776 2486 2818 cor--

351 2869 469 2935 pus
506 2863 636 2910 tam
672 2846 823 2932 juris
846 2850 1159 2915 Canonici
1197 2853 1387 2941 quam
1426 2850 1655 2916 Civilis
1695 2850 1971 2917 abundet
2009 2847 2342 2936 Rescriptis
2377 2847 2482 2913 vel,

349 2938 720 3008 Pontificum
757 2942 860 3007 vel
875 2941 1357 3031 Imperatorum,
1397 2946 1555 3011 datis
1602 2946 1681 3008 ad
1721 2945 2010 3036 personas
2047 2942 2438 3031 particulares
2460 2986 2477 3013 ,

351 3035 441 3099 uti
482 3056 558 3097 ex
611 3057 827 3101 eorum
858 3036 1043 3100 initio
1077 3052 1281 3127 patet,
1323 3037 1656 3124 confitlug'sii
1693 3087 1709 3113 ,
1754 3039 2105 3124 insinuante
2143 3083 2160 3110 ,
2214 3031 2474 3120 postula-

333 3126 427 3211 sti
459 3124 585 3195 &a
631 3128 692 3191 8<
720 3128 1098 3200 muscetano
1135 3134 1265 3196 vim
1294 3133 1478 3219 Legis
1511 3129 1813 3208 habeant,
1855 3128 2065 3219 jusque
2106 3127 2480 3193 constituant

354 3219 689 3285 universale
712 3271 728 3297 ,
766 3221 892 3287 hoc
927 3242 1142 3289 tamen
1179 3247 1256 3290 ex
1290 3226 1577 3317 primeva
1617 3223 1714 3289 sua
1752 3224 1992 3311 origine
2025 3271 2041 3297 ,
2089 3223 2210 3312 qua
2248 3218 2478 3284 Rescri-

357 3325 462 3396 pta
502 3308 666 3374 sufffre
701 3361 718 3387 ,
757 3339 891 3381 non
930 3315 1166 3383 habent
1198 3367 1214 3393 ,
1263 3317 1366 3383 sed
1406 3318 1473 3383 id
1510 3316 1886 3408 acquisivere
1917 3365 1934 3392 ,
1982 3317 2136 3381 dum
2179 3312 2477 3404 publica:

360 3402 713 3467 austoritate
749 3407 813 3469 in
846 3431 1070 3499 corpus
1100 3409 1249 3494 juris
1285 3409 1454 3476 fuere
1491 3413 1676 3477 relata
1698 3460 1715 3487 ,
1763 3413 1823 3478 8(
1853 3409 2041 3478 veluti
2074 3413 2273 3496 Leges
2306 3428 2476 3472 com-

359 3515 576 3556 munes
619 3515 938 3586 acceptata:
974 3551 987 3566 .
1042 3505 1373 3571 Accedunt
1421 3523 1630 3570 tamen
1676 3504 1745 3569 hi
1783 3503 2084 3571 Auaores
2131 3502 2477 3595 primorum

362 3586 648 3671 opinioni
689 3637 705 3662 ,
765 3592 824 3655 8(
862 3594 1193 3684 Rescriptis
1239 3599 1410 3668 inter
1435 3613 1651 3684 partes
1700 3599 1834 3682 vim
1871 3598 2055 3684 Legis
2095 3591 2468 3679 attribuunt.

361 3679 452 3744 Ita
482 3677 548 3742 in
586 3676 783 3770 specie
820 3681 998 3757 stntit
1030 3690 1278 3758 Felinus
1311 3690 1402 3759 ad
1431 3690 1594 3757 rubr.
1630 3691 1730 3759 tit,
1774 3690 1844 3758 de
1880 3690 2174 3776 Rcstript.
2228 3709 2391 3839 nurg-
2425 3706 2474 3753 12³

2241 3802 2328 3870 po
