<?xml version="1.0" encoding="UTF-8"?>
<!DOCTYPE html PUBLIC "-//W3C//DTD XHTML 1.0 Transitional//EN"
    "http://www.w3.org/TR/xhtml1/DTD/xhtml1-transitional.dtd">
<html xmlns="http://www.w3.org/1999/xhtml" xml:lang="en" lang="en">
 <head>
  <title>
</title>
<meta http-equiv="Content-Type" content="text/html;charset=utf-8" />
  <meta name='ocr-system' content='tesseract 3.04.00' />
  <meta name='ocr-capabilities' content='ocr_page ocr_carea ocr_par ocr_line ocrx_word'/>
</head>
<body>
  <div class='ocr_page' id='page_1' title='image "./bullariumordinis03cath_0334.png"; bbox 0 0 2618 4108; ppageno 0'>
   <div class='ocr_carea' id='block_1_1' title="bbox 287 217 1338 1361">
    <p class='ocr_par' dir='ltr' id='par_1_1' title="bbox 287 217 1338 1361">
     <span class='ocr_line' id='line_1_1' title="bbox 289 217 1331 358; baseline -0.014 -5"><span class='ocrx_word' id='word_1_1' title='bbox 289 309 344 352; x_wconf 81' lang='lat' dir='ltr'>de</span> <span class='ocrx_word' id='word_1_2' title='bbox 375 217 656 358; x_wconf 81' lang='lat' dir='ltr'>ins¹7gni0ribus</span> <span class='ocrx_word' id='word_1_3' title='bbox 671 325 684 348; x_wconf 84' lang='lat'>,</span> <span class='ocrx_word' id='word_1_4' title='bbox 712 298 757 338; x_wconf 81' lang='lat'>&#39;&amp;</span> <span class='ocrx_word' id='word_1_5' title='bbox 770 310 887 342; x_wconf 88' lang='lat' dir='ltr'>muro</span> <span class='ocrx_word' id='word_1_6' title='bbox 901 294 1040 342; x_wconf 86' lang='lat' dir='ltr'>clausae</span> <span class='ocrx_word' id='word_1_7' title='bbox 1054 326 1068 349; x_wconf 84' lang='lat'><strong>,</strong></span> <span class='ocrx_word' id='word_1_8' title='bbox 1102 299 1331 356; x_wconf 60' lang='lat' dir='ltr'>recipere)</span> 
     </span>
     <span class='ocr_line' id='line_1_2' title="bbox 293 354 1327 412; baseline -0.005 -8"><span class='ocrx_word' id='word_1_9' title='bbox 293 371 332 411; x_wconf 72' lang='grc' dir='ltr'>ες</span> <span class='ocrx_word' id='word_1_10' title='bbox 348 363 564 407; x_wconf 84' lang='lat' dir='ltr'>extrahere</span> <span class='ocrx_word' id='word_1_11' title='bbox 577 385 592 409; x_wconf 84' lang='lat'><strong>,</strong></span> <span class='ocrx_word' id='word_1_12' title='bbox 624 354 795 412; x_wconf 86' lang='lat' dir='ltr'>illasque</span> <span class='ocrx_word' id='word_1_13' title='bbox 809 356 915 411; x_wconf 80' lang='lat' dir='ltr'>apud</span> <span class='ocrx_word' id='word_1_14' title='bbox 934 358 994 401; x_wconf 81' lang='lat' dir='ltr'>Te</span> <span class='ocrx_word' id='word_1_15' title='bbox 1008 367 1248 401; x_wconf 75' lang='lat' dir='ltr'>reverenter</span> <span class='ocrx_word' id='word_1_16' title='bbox 1266 371 1327 399; x_wconf 73' lang='lat' dir='ltr'>re,</span> 
     </span>
     <span class='ocr_line' id='line_1_3' title="bbox 293 414 1326 471; baseline -0.011 -2"><span class='ocrx_word' id='word_1_17' title='bbox 293 428 429 469; x_wconf 87' lang='lat' dir='ltr'>tinere</span> <span class='ocrx_word' id='word_1_18' title='bbox 443 449 458 471; x_wconf 77' lang='lat'>,</span> <span class='ocrx_word' id='word_1_19' title='bbox 489 418 558 459; x_wconf 89' lang='lat' dir='ltr'>seu</span> <span class='ocrx_word' id='word_1_20' title='bbox 577 416 662 458; x_wconf 76' lang='lat' dir='ltr'>aliis</span> <span class='ocrx_word' id='word_1_21' title='bbox 679 414 1146 467; x_wconf 86' lang='lat' dir='ltr'>Ecclefiis‚Monasteriis</span> <span class='ocrx_word' id='word_1_22' title='bbox 1172 419 1212 461; x_wconf 76' lang='grc' dir='ltr'>δι</span> <span class='ocrx_word' id='word_1_23' title='bbox 1225 417 1326 461; x_wconf 89' lang='lat' dir='ltr'>locis</span> 
     </span>
     <span class='ocr_line' id='line_1_4' title="bbox 295 475 1326 542; baseline -0.009 -16"><span class='ocrx_word' id='word_1_24' title='bbox 295 486 371 542; x_wconf 76' lang='lat' dir='ltr'>piis</span> <span class='ocrx_word' id='word_1_25' title='bbox 385 511 400 533; x_wconf 92' lang='lat'>‚</span> <span class='ocrx_word' id='word_1_26' title='bbox 431 481 472 519; x_wconf 92' lang='lat' dir='ltr'>in</span> <span class='ocrx_word' id='word_1_27' title='bbox 495 477 543 517; x_wconf 88' lang='lat' dir='ltr'>iis</span> <span class='ocrx_word' id='word_1_28' title='bbox 563 475 712 519; x_wconf 87' lang='lat' dir='ltr'>debitis</span> <span class='ocrx_word' id='word_1_29' title='bbox 744 489 837 516; x_wconf 87' lang='lat' dir='ltr'>cum</span> <span class='ocrx_word' id='word_1_30' title='bbox 851 475 1006 517; x_wconf 84' lang='lat' dir='ltr'>honore</span> <span class='ocrx_word' id='word_1_31' title='bbox 1032 476 1069 516; x_wconf 74' lang='grc' dir='ltr'>δι</span> <span class='ocrx_word' id='word_1_32' title='bbox 1089 477 1326 519; x_wconf 75' lang='lat' dir='ltr'>reverentia</span> 
     </span>
     <span class='ocr_line' id='line_1_5' title="bbox 298 532 1338 590; baseline -0.01 -4"><span class='ocrx_word' id='word_1_33' title='bbox 298 535 559 586; x_wconf 86' lang='lat' dir='ltr'>collocandas</span> <span class='ocrx_word' id='word_1_34' title='bbox 576 536 616 578; x_wconf 74' lang='grc' dir='ltr'>δι</span> <span class='ocrx_word' id='word_1_35' title='bbox 641 532 901 578; x_wconf 67' lang='lat' dir='ltr'>asservandus</span> <span class='ocrx_word' id='word_1_36' title='bbox 925 533 1084 580; x_wconf 77' lang='lat' dir='ltr'>donare</span> <span class='ocrx_word' id='word_1_37' title='bbox 1105 537 1145 576; x_wconf 76' lang='grc' dir='ltr'>δι</span> <span class='ocrx_word' id='word_1_38' title='bbox 1171 534 1338 590; x_wconf 86' lang='lat' dir='ltr'>elargiri</span> 
     </span>
     <span class='ocr_line' id='line_1_6' title="bbox 294 592 1338 650; baseline -0.008 -6"><span class='ocrx_word' id='word_1_39' title='bbox 294 598 474 644; x_wconf 74' lang='lat' dir='ltr'>libere&amp;</span> <span class='ocrx_word' id='word_1_40' title='bbox 489 594 601 638; x_wconf 76' lang='lat' dir='ltr'>licite</span> <span class='ocrx_word' id='word_1_41' title='bbox 618 592 1034 650; x_wconf 68' lang='lat' dir='ltr'>valeas-,apostolicam</span> <span class='ocrx_word' id='word_1_42' title='bbox 1051 594 1338 638; x_wconf 66' lang='lat' dir='ltr'>austoritatem</span> 
     </span>
     <span class='ocr_line' id='line_1_7' title="bbox 295 652 1337 711; baseline -0.01 -9"><span class='ocrx_word' id='word_1_43' title='bbox 295 669 443 704; x_wconf 89' lang='lat' dir='ltr'>tenore</span> <span class='ocrx_word' id='word_1_44' title='bbox 459 654 714 711; x_wconf 82' lang='lat' dir='ltr'>praesentium</span> <span class='ocrx_word' id='word_1_45' title='bbox 728 652 993 696; x_wconf 86' lang='lat' dir='ltr'>concedimus</span> <span class='ocrx_word' id='word_1_46' title='bbox 1010 654 1049 698; x_wconf 87' lang='lat'>&amp;</span> <span class='ocrx_word' id='word_1_47' title='bbox 1064 654 1337 709; x_wconf 84' lang='lat' dir='ltr'><strong>indulgemus.</strong></span> 
     </span>
     <span class='ocr_line' id='line_1_8' title="bbox 294 712 1338 763; baseline -0.009 0"><span class='ocrx_word' id='word_1_48' title='bbox 294 722 394 763; x_wconf 92' lang='lat' dir='ltr'>Non</span> <span class='ocrx_word' id='word_1_49' title='bbox 425 713 673 757; x_wconf 86' lang='lat' dir='ltr'>obstantibus</span> <span class='ocrx_word' id='word_1_50' title='bbox 701 712 1071 757; x_wconf 88' lang='lat' dir='ltr'>Constitutionibus</span> <span class='ocrx_word' id='word_1_51' title='bbox 1098 715 1139 759; x_wconf 67' lang='grc' dir='ltr'>ὃς</span> <span class='ocrx_word' id='word_1_52' title='bbox 1161 712 1338 757; x_wconf 88' lang='lat' dir='ltr'>Ordina-</span> 
     </span>
     <span class='ocr_line' id='line_1_9' title="bbox 294 771 1336 830; baseline -0.005 -10"><span class='ocrx_word' id='word_1_53' title='bbox 294 778 474 820; x_wconf 79' lang='lat' dir='ltr'>tionibus</span> <span class='ocrx_word' id='word_1_54' title='bbox 489 771 735 829; x_wconf 82' lang='lat' dir='ltr'>Apostolicis</span> <span class='ocrx_word' id='word_1_55' title='bbox 751 799 766 823; x_wconf 81' lang='lat'>‚</span> <span class='ocrx_word' id='word_1_56' title='bbox 797 785 844 814; x_wconf 91' lang='lat' dir='ltr'>ac</span> <span class='ocrx_word' id='word_1_57' title='bbox 859 771 1066 830; x_wconf 82' lang='lat' dir='ltr'>quibusvis</span> <span class='ocrx_word' id='word_1_58' title='bbox 1083 772 1336 829; x_wconf 87' lang='lat' dir='ltr'>prohibitio-</span> 
     </span>
     <span class='ocr_line' id='line_1_10' title="bbox 287 830 1335 886; baseline -0.006 -8"><span class='ocrx_word' id='word_1_59' title='bbox 287 838 407 882; x_wconf 87' lang='lat' dir='ltr'>nibus</span> <span class='ocrx_word' id='word_1_60' title='bbox 422 863 438 886; x_wconf 82' lang='lat'>,</span> <span class='ocrx_word' id='word_1_61' title='bbox 468 833 593 876; x_wconf 84' lang='lat' dir='ltr'>etiam</span> <span class='ocrx_word' id='word_1_62' title='bbox 608 830 678 874; x_wconf 89' lang='lat' dir='ltr'>sub</span> <span class='ocrx_word' id='word_1_63' title='bbox 695 831 1126 874; x_wconf 83' lang='lat' dir='ltr'>excommunicationis</span> <span class='ocrx_word' id='word_1_64' title='bbox 1143 832 1232 874; x_wconf 88' lang='lat' dir='ltr'>latae</span> <span class='ocrx_word' id='word_1_65' title='bbox 1247 833 1335 874; x_wconf 84' lang='lat' dir='ltr'>sen-</span> 
     </span>
     <span class='ocr_line' id='line_1_11' title="bbox 291 889 1332 948; baseline -0.007 -8"><span class='ocrx_word' id='word_1_66' title='bbox 291 894 457 943; x_wconf 69' lang='lat' dir='ltr'>tentiae,</span> <span class='ocrx_word' id='word_1_67' title='bbox 485 890 742 948; x_wconf 89' lang='lat' dir='ltr'>&amp;quibusvis</span> <span class='ocrx_word' id='word_1_68' title='bbox 760 890 850 932; x_wconf 91' lang='lat' dir='ltr'>aliis</span> <span class='ocrx_word' id='word_1_69' title='bbox 871 891 1003 945; x_wconf 87' lang='lat' dir='ltr'>poenis</span> <span class='ocrx_word' id='word_1_70' title='bbox 1018 890 1056 932; x_wconf 89' lang='lat' dir='ltr'>in</span> <span class='ocrx_word' id='word_1_71' title='bbox 1075 889 1332 933; x_wconf 75' lang='lat' dir='ltr'>contrarium</span> 
     </span>
     <span class='ocr_line' id='line_1_12' title="bbox 289 948 1332 1009; baseline -0.007 -10"><span class='ocrx_word' id='word_1_72' title='bbox 289 952 466 1009; x_wconf 87' lang='lat' dir='ltr'>desuper</span> <span class='ocrx_word' id='word_1_73' title='bbox 480 950 795 1008; x_wconf 73' lang='lat' dir='ltr'>quomodolibet</span> <span class='ocrx_word' id='word_1_74' title='bbox 823 948 964 1002; x_wconf 74' lang='lat' dir='ltr'>faffls3</span> <span class='ocrx_word' id='word_1_75' title='bbox 994 963 1156 993; x_wconf 80' lang='lat' dir='ltr'>necnon</span> <span class='ocrx_word' id='word_1_76' title='bbox 1181 949 1332 992; x_wconf 86' lang='lat' dir='ltr'>Eccle-</span> 
     </span>
     <span class='ocr_line' id='line_1_13' title="bbox 289 1006 1333 1064; baseline -0.005 -8"><span class='ocrx_word' id='word_1_77' title='bbox 289 1016 464 1063; x_wconf 87' lang='lat' dir='ltr'>fiarum‚</span> <span class='ocrx_word' id='word_1_78' title='bbox 500 1009 907 1059; x_wconf 77' lang='lat' dir='ltr'>Monasteriorum,&amp;</span> <span class='ocrx_word' id='word_1_79' title='bbox 932 1008 1120 1051; x_wconf 90' lang='lat' dir='ltr'>locorum</span> <span class='ocrx_word' id='word_1_80' title='bbox 1149 1006 1333 1064; x_wconf 85' lang='lat' dir='ltr'>praesato·</span> 
     </span>
     <span class='ocr_line' id='line_1_14' title="bbox 291 1067 1333 1125; baseline -0.007 -9"><span class='ocrx_word' id='word_1_81' title='bbox 291 1087 381 1116; x_wconf 85' lang='lat' dir='ltr'>rum</span> <span class='ocrx_word' id='word_1_82' title='bbox 398 1101 414 1123; x_wconf 91' lang='lat'>,</span> <span class='ocrx_word' id='word_1_83' title='bbox 446 1068 692 1125; x_wconf 84' lang='lat' dir='ltr'>illorumque</span> <span class='ocrx_word' id='word_1_84' title='bbox 710 1067 931 1120; x_wconf 81' lang='lat' dir='ltr'>Ordinum,</span> <span class='ocrx_word' id='word_1_85' title='bbox 946 1068 1073 1112; x_wconf 86' lang='lat' dir='ltr'>etiam</span> <span class='ocrx_word' id='word_1_86' title='bbox 1099 1067 1333 1125; x_wconf 88' lang='lat' dir='ltr'>juramento</span> 
     </span>
     <span class='ocr_line' id='line_1_15' title="bbox 290 1125 1330 1179; baseline -0.007 -3"><span class='ocrx_word' id='word_1_87' title='bbox 290 1135 370 1176; x_wconf 74' lang='grc' dir='ltr'>ὅτε.</span> <span class='ocrx_word' id='word_1_88' title='bbox 400 1129 597 1172; x_wconf 88' lang='lat' dir='ltr'>roboratis</span> <span class='ocrx_word' id='word_1_89' title='bbox 625 1127 785 1171; x_wconf 86' lang='lat' dir='ltr'>statutis</span> <span class='ocrx_word' id='word_1_90' title='bbox 800 1128 836 1168; x_wconf 88' lang='lat'><strong>&amp;</strong></span> <span class='ocrx_word' id='word_1_91' title='bbox 854 1125 1211 1170; x_wconf 85' lang='lat' dir='ltr'>consuetudinibus</span> <span class='ocrx_word' id='word_1_92' title='bbox 1226 1155 1241 1179; x_wconf 83' lang='lat'>‚</span> <span class='ocrx_word' id='word_1_93' title='bbox 1254 1141 1330 1169; x_wconf 89' lang='lat' dir='ltr'>cae-</span> 
     </span>
     <span class='ocr_line' id='line_1_16' title="bbox 288 1185 1331 1245; baseline -0.007 -10"><span class='ocrx_word' id='word_1_94' title='bbox 288 1192 468 1245; x_wconf 87' lang='lat' dir='ltr'>terisque</span> <span class='ocrx_word' id='word_1_95' title='bbox 501 1188 718 1229; x_wconf 81' lang='lat' dir='ltr'>contrariis</span> <span class='ocrx_word' id='word_1_96' title='bbox 750 1185 1070 1242; x_wconf 91' lang='lat' dir='ltr'>quibuscumque</span> <span class='ocrx_word' id='word_1_97' title='bbox 1095 1215 1106 1228; x_wconf 84' lang='lat'><strong>.</strong></span> <span class='ocrx_word' id='word_1_98' title='bbox 1142 1188 1331 1229; x_wconf 77' lang='lat' dir='ltr'>Datum...</span> 
     </span>
     <span class='ocr_line' id='line_1_17' title="bbox 292 1245 1324 1302; baseline -0.007 -8"><span class='ocrx_word' id='word_1_99' title='bbox 292 1254 433 1294; x_wconf 84' lang='lat' dir='ltr'>Romae</span> <span class='ocrx_word' id='word_1_100' title='bbox 462 1246 565 1301; x_wconf 83' lang='lat' dir='ltr'>apud</span> <span class='ocrx_word' id='word_1_101' title='bbox 596 1249 635 1287; x_wconf 86' lang='lat' dir='ltr'>S.</span> <span class='ocrx_word' id='word_1_102' title='bbox 654 1247 824 1289; x_wconf 86' lang='lat' dir='ltr'>Mariam</span> <span class='ocrx_word' id='word_1_103' title='bbox 840 1248 1044 1302; x_wconf 86' lang='lat' dir='ltr'>Majorem</span> <span class='ocrx_word' id='word_1_104' title='bbox 1070 1245 1140 1290; x_wconf 90' lang='lat' dir='ltr'>sub</span> <span class='ocrx_word' id='word_1_105' title='bbox 1155 1245 1324 1287; x_wconf 86' lang='lat' dir='ltr'>Annulo</span> 
     </span>
     <span class='ocr_line' id='line_1_18' title="bbox 293 1302 1324 1361; baseline -0.008 -7"><span class='ocrx_word' id='word_1_106' title='bbox 293 1306 508 1354; x_wconf 83' lang='lat' dir='ltr'>Piscatoris</span> <span class='ocrx_word' id='word_1_107' title='bbox 522 1304 591 1346; x_wconf 90' lang='lat' dir='ltr'>die</span> <span class='ocrx_word' id='word_1_108' title='bbox 603 1304 759 1361; x_wconf 82' lang='lat' dir='ltr'>x.Junii</span> <span class='ocrx_word' id='word_1_109' title='bbox 773 1318 924 1348; x_wconf 81' lang='lat' dir='ltr'>Mocxx</span> <span class='ocrx_word' id='word_1_110' title='bbox 936 1319 950 1347; x_wconf 86' lang='lat'><em>1</em></span> <span class='ocrx_word' id='word_1_111' title='bbox 964 1317 979 1346; x_wconf 85' lang='lat' dir='ltr'>r</span> <span class='ocrx_word' id='word_1_112' title='bbox 990 1304 1121 1348; x_wconf 83' lang='lat' dir='ltr'>.Anno</span> <span class='ocrx_word' id='word_1_113' title='bbox 1134 1304 1194 1350; x_wconf 86' lang='lat' dir='ltr'>sec</span> <span class='ocrx_word' id='word_1_114' title='bbox 1202 1302 1324 1347; x_wconf 89' lang='lat' dir='ltr'>undo.</span> 
     </span>
    </p>
   </div>
   <div class='ocr_carea' id='block_1_2' title="bbox 428 1421 1044 1488">
    <p class='ocr_par' dir='ltr' id='par_1_2' title="bbox 428 1421 1044 1488">
     <span class='ocr_line' id='line_1_19' title="bbox 428 1421 1044 1488; baseline -0.002 -14"><span class='ocrx_word' id='word_1_115' title='bbox 428 1424 474 1474; x_wconf 88' lang='lat' dir='ltr'>S.</span> <span class='ocrx_word' id='word_1_116' title='bbox 496 1421 739 1473; x_wconf 80' lang='lat' dir='ltr'>Cardinalis</span> <span class='ocrx_word' id='word_1_117' title='bbox 759 1421 805 1472; x_wconf 87' lang='lat' dir='ltr'>S.</span> <span class='ocrx_word' id='word_1_118' title='bbox 826 1421 1015 1488; x_wconf 68' lang='lat' dir='ltr'>Sus&#39;annae</span> <span class='ocrx_word' id='word_1_119' title='bbox 1030 1458 1044 1473; x_wconf 89' lang='lat'><strong>.</strong></span> 
     </span>
    </p>
   </div>
   <div class='ocr_carea' id='block_1_3' title="bbox 295 1519 1335 1662">
    <p class='ocr_par' dir='ltr' id='par_1_3' title="bbox 295 1519 1335 1662">
     <span class='ocr_line' id='line_1_20' title="bbox 295 1519 1335 1601; baseline -0.01 -13"><span class='ocrx_word' id='word_1_120' title='bbox 295 1519 297 1523; x_wconf 13' lang='lat' dir='ltr'>y</span> <span class='ocrx_word' id='word_1_121' title='bbox 350 1548 411 1588; x_wconf 85' lang='lat' dir='ltr'>Ex</span> <span class='ocrx_word' id='word_1_122' title='bbox 436 1543 609 1588; x_wconf 71' lang='lat' dir='ltr'>Archiae</span> <span class='ocrx_word' id='word_1_123' title='bbox 630 1545 775 1586; x_wconf 80' lang='lat' dir='ltr'>secret.</span> <span class='ocrx_word' id='word_1_124' title='bbox 808 1541 996 1584; x_wconf 81' lang='lat' dir='ltr'>Brevium</span> <span class='ocrx_word' id='word_1_125' title='bbox 1018 1542 1194 1601; x_wconf 88' lang='lat' dir='ltr'>Apostol.</span> <span class='ocrx_word' id='word_1_126' title='bbox 1213 1545 1335 1598; x_wconf 74' lang='lat' dir='ltr'>Rege-</span> 
     </span>
     <span class='ocr_line' id='line_1_21' title="bbox 402 1600 1086 1662; baseline 0 -17"><span class='ocrx_word' id='word_1_127' title='bbox 402 1603 476 1662; x_wconf 82' lang='lat' dir='ltr'>sto</span> <span class='ocrx_word' id='word_1_128' title='bbox 487 1603 619 1660; x_wconf 72' lang='lat' dir='ltr'>mensis</span> <span class='ocrx_word' id='word_1_129' title='bbox 634 1603 680 1650; x_wconf 59' lang='grc' dir='ltr'>δ’</span> <span class='ocrx_word' id='word_1_130' title='bbox 694 1602 790 1645; x_wconf 84' lang='lat' dir='ltr'>anni</span> <span class='ocrx_word' id='word_1_131' title='bbox 796 1602 922 1658; x_wconf 80' lang='lat' dir='ltr'>praed.</span> <span class='ocrx_word' id='word_1_132' title='bbox 925 1600 1006 1659; x_wconf 85' lang='lat' dir='ltr'>sol.</span> <span class='ocrx_word' id='word_1_133' title='bbox 1019 1616 1037 1657; x_wconf 84' lang='lat'>3</span> <span class='ocrx_word' id='word_1_134' title='bbox 1054 1617 1086 1645; x_wconf 81' lang='grc' dir='ltr'>ι.</span> 
     </span>
    </p>
   </div>
   <div class='ocr_carea' id='block_1_4' title="bbox 848 1744 1084 1758">
    <p class='ocr_par' dir='ltr' id='par_1_4' title="bbox 848 1744 1084 1758">
     <span class='ocr_line' id='line_1_22' title="bbox 848 1744 1084 1758; baseline 0 2350"><span class='ocrx_word' id='word_1_135' title='bbox 848 1744 1084 1758; x_wconf 95' lang='lat' dir='ltr'> </span> 
     </span>
    </p>
   </div>
   <div class='ocr_carea' id='block_1_5' title="bbox 584 1746 844 1759">
    <p class='ocr_par' dir='ltr' id='par_1_5' title="bbox 584 1746 844 1759">
     <span class='ocr_line' id='line_1_23' title="bbox 584 1746 844 1759; baseline 0 2349"><span class='ocrx_word' id='word_1_136' title='bbox 584 1746 844 1759; x_wconf 95' lang='lat' dir='ltr'> </span> 
     </span>
    </p>
   </div>
   <div class='ocr_carea' id='block_1_6' title="bbox 1086 1745 1320 1759">
    <p class='ocr_par' dir='ltr' id='par_1_6' title="bbox 1086 1745 1320 1759">
     <span class='ocr_line' id='line_1_24' title="bbox 1086 1745 1320 1759; baseline 0 2349"><span class='ocrx_word' id='word_1_137' title='bbox 1086 1745 1320 1759; x_wconf 95' lang='lat' dir='ltr'> </span> 
     </span>
    </p>
   </div>
   <div class='ocr_carea' id='block_1_7' title="bbox 288 1747 584 1760">
    <p class='ocr_par' dir='ltr' id='par_1_7' title="bbox 288 1747 584 1760">
     <span class='ocr_line' id='line_1_25' title="bbox 288 1747 584 1760; baseline -0.003 0"><span class='ocrx_word' id='word_1_138' title='bbox 288 1747 584 1760; x_wconf 45' lang='grc' dir='ltr'>-ῇι-ιι</span> 
     </span>
    </p>
   </div>
   <div class='ocr_carea' id='block_1_8' title="bbox 292 1838 1326 2035">
    <p class='ocr_par' dir='ltr' id='par_1_8' title="bbox 292 1838 1326 2035">
     <span class='ocr_line' id='line_1_26' title="bbox 292 1838 1326 1908; baseline -0.001 -16"><span class='ocrx_word' id='word_1_139' title='bbox 292 1846 351 1892; x_wconf 83' lang='lat' dir='ltr'>In</span> <span class='ocrx_word' id='word_1_140' title='bbox 396 1845 647 1892; x_wconf 86' lang='lat' dir='ltr'>Conventu</span> <span class='ocrx_word' id='word_1_141' title='bbox 694 1840 959 1908; x_wconf 88' lang='lat' dir='ltr'>Principum</span> <span class='ocrx_word' id='word_1_142' title='bbox 1008 1838 1326 1891; x_wconf 84' lang='lat' dir='ltr'>Ratisbonensi</span> 
     </span>
     <span class='ocr_line' id='line_1_27' title="bbox 363 1910 1326 1982; baseline -0.001 -20"><span class='ocrx_word' id='word_1_143' title='bbox 363 1917 442 1962; x_wconf 84' lang='lat' dir='ltr'>Fr.</span> <span class='ocrx_word' id='word_1_144' title='bbox 461 1912 789 1979; x_wconf 85' lang='lat' dir='ltr'>Hyacinthum</span> <span class='ocrx_word' id='word_1_145' title='bbox 808 1910 1000 1982; x_wconf 71' lang='lat' dir='ltr'>benigne</span> <span class='ocrx_word' id='word_1_146' title='bbox 1016 1911 1165 1962; x_wconf 86' lang='lat' dir='ltr'>auditi</span> <span class='ocrx_word' id='word_1_147' title='bbox 1193 1914 1326 1963; x_wconf 87' lang='lat' dir='ltr'>novi-</span> 
     </span>
     <span class='ocr_line' id='line_1_28' title="bbox 363 1982 804 2035; baseline 0.005 -2"><span class='ocrx_word' id='word_1_148' title='bbox 363 1999 430 2035; x_wconf 89' lang='lat' dir='ltr'>ter</span> <span class='ocrx_word' id='word_1_149' title='bbox 459 1982 758 2035; x_wconf 76' lang='lat' dir='ltr'>commendat</span> <span class='ocrx_word' id='word_1_150' title='bbox 783 2024 804 2035; x_wconf 83' lang='lat'>..</span> 
     </span>
    </p>
   </div>
   <div class='ocr_carea' id='block_1_9' title="bbox 289 2102 1322 2288">
    <p class='ocr_par' dir='ltr' id='par_1_9' title="bbox 289 2102 1322 2288">
     <span class='ocr_line' id='line_1_29' title="bbox 289 2102 1322 2167; baseline -0.004 -13"><span class='ocrx_word' id='word_1_151' title='bbox 289 2114 329 2160; x_wconf 85' lang='lat' dir='ltr'>A</span> <span class='ocrx_word' id='word_1_152' title='bbox 361 2102 506 2167; x_wconf 84' lang='lat' dir='ltr'>tergo:</span> <span class='ocrx_word' id='word_1_153' title='bbox 544 2109 762 2155; x_wconf 80' lang='lat' dir='ltr'>Venerabili</span> <span class='ocrx_word' id='word_1_154' title='bbox 778 2109 1322 2163; x_wconf 70' lang='lat' dir='ltr'>Fratri‚7oann1·5u1·cardo‚</span> 
     </span>
     <span class='ocr_line' id='line_1_30' title="bbox 353 2168 1265 2227; baseline -0.003 -12"><span class='ocrx_word' id='word_1_155' title='bbox 353 2168 652 2227; x_wconf 75' lang='lat' dir='ltr'>Archtepifcopo</span> <span class='ocrx_word' id='word_1_156' title='bbox 667 2173 902 2224; x_wconf 72' lang='lat' dir='ltr'>Mogumino</span> <span class='ocrx_word' id='word_1_157' title='bbox 917 2199 931 2221; x_wconf 82' lang='lat'><strong>‚</strong></span> <span class='ocrx_word' id='word_1_158' title='bbox 963 2174 1077 2212; x_wconf 82' lang='lat' dir='ltr'>Sacri</span> <span class='ocrx_word' id='word_1_159' title='bbox 1102 2170 1265 2215; x_wconf 83' lang='lat' dir='ltr'>Romani</span> 
     </span>
     <span class='ocr_line' id='line_1_31' title="bbox 521 2228 1092 2288; baseline 0.007 -17"><span class='ocrx_word' id='word_1_160' title='bbox 521 2231 685 2288; x_wconf 80' lang='lat' dir='ltr'>Imperii</span> <span class='ocrx_word' id='word_1_161' title='bbox 709 2228 884 2287; x_wconf 62' lang='lat' dir='ltr'>Principe</span> <span class='ocrx_word' id='word_1_162' title='bbox 899 2228 1068 2274; x_wconf 67' lang='lat' dir='ltr'>Elcflori</span> <span class='ocrx_word' id='word_1_163' title='bbox 1078 2259 1092 2275; x_wconf 76' lang='grc'><strong>.</strong></span> 
     </span>
    </p>
   </div>
   <div class='ocr_carea' id='block_1_10' title="bbox 291 2349 1325 2403">
    <p class='ocr_par' dir='ltr' id='par_1_10' title="bbox 291 2349 1325 2403">
     <span class='ocr_line' id='line_1_32' title="bbox 291 2349 1325 2403; baseline -0.004 -2"><span class='ocrx_word' id='word_1_164' title='bbox 291 2349 826 2403; x_wconf 88' lang='lat' dir='ltr'>GREGORIUS</span> <span class='ocrx_word' id='word_1_165' title='bbox 901 2350 1118 2401; x_wconf 89' lang='lat' dir='ltr'>PAPA</span> <span class='ocrx_word' id='word_1_166' title='bbox 1191 2351 1325 2400; x_wconf 89' lang='lat' dir='ltr'>XV.</span> 
     </span>
    </p>
   </div>
   <div class='ocr_carea' id='block_1_11' title="bbox 285 2476 1298 2583">
    <p class='ocr_par' dir='ltr' id='par_1_11' title="bbox 285 2476 1298 2583">
     <span class='ocr_line' id='line_1_33' title="bbox 285 2476 1298 2536; baseline 0 -16"><span class='ocrx_word' id='word_1_167' title='bbox 285 2487 287 2491; x_wconf 80' lang='grc'>’</span> <span class='ocrx_word' id='word_1_168' title='bbox 319 2476 556 2524; x_wconf 72' lang='lat' dir='ltr'>Venerabilis</span> <span class='ocrx_word' id='word_1_169' title='bbox 574 2481 724 2521; x_wconf 82' lang='lat' dir='ltr'><em>Frater</em></span> <span class='ocrx_word' id='word_1_170' title='bbox 739 2506 752 2529; x_wconf 79' lang='lat'><strong>,</strong></span> <span class='ocrx_word' id='word_1_171' title='bbox 771 2477 948 2536; x_wconf 74' lang='lat' dir='ltr'>sblatem</span> <span class='ocrx_word' id='word_1_172' title='bbox 976 2480 1023 2529; x_wconf 59' lang='grc' dir='ltr'>ἐς</span> <span class='ocrx_word' id='word_1_173' title='bbox 1042 2478 1298 2536; x_wconf 81' lang='lat' dir='ltr'>Apostolicam</span> 
     </span>
     <span class='ocr_line' id='line_1_34' title="bbox 290 2537 969 2583; baseline 0.001 -1"><span class='ocrx_word' id='word_1_174' title='bbox 290 2561 294 2565; x_wconf 96' lang='lat'><em>·</em></span> <span class='ocrx_word' id='word_1_175' title='bbox 493 2552 498 2556; x_wconf 71' lang='grc'><strong>“</strong></span> <span class='ocrx_word' id='word_1_176' title='bbox 635 2537 943 2582; x_wconf 68' lang='grc' dir='ltr'>Βεηεᾶῐὲῖίοησω</span> <span class='ocrx_word' id='word_1_177' title='bbox 955 2567 969 2583; x_wconf 78' lang='grc'><strong>.</strong></span> 
     </span>
    </p>
   </div>
   <div class='ocr_carea' id='block_1_12' title="bbox 272 2667 1321 3854">
    <p class='ocr_par' dir='ltr' id='par_1_12' title="bbox 419 2667 1318 2726">
     <span class='ocr_line' id='line_1_35' title="bbox 419 2667 1318 2726; baseline -0.002 -15"><span class='ocrx_word' id='word_1_178' title='bbox 419 2669 575 2711; x_wconf 66' lang='lat' dir='ltr'>Istoriae</span> <span class='ocrx_word' id='word_1_179' title='bbox 587 2695 603 2719; x_wconf 84' lang='lat'>,</span> <span class='ocrx_word' id='word_1_180' title='bbox 625 2668 768 2724; x_wconf 89' lang='lat' dir='ltr'>quibus</span> <span class='ocrx_word' id='word_1_181' title='bbox 783 2667 1035 2711; x_wconf 80' lang='lat' dir='ltr'>laborantem</span> <span class='ocrx_word' id='word_1_182' title='bbox 1053 2669 1318 2726; x_wconf 82' lang='lat' dir='ltr'>Religionem</span> 
     </span>
    </p>

    <p class='ocr_par' dir='ltr' id='par_1_13' title="bbox 272 2727 1321 3854">
     <span class='ocr_line' id='line_1_36' title="bbox 429 2727 1318 2772; baseline -0.002 -1"><span class='ocrx_word' id='word_1_183' title='bbox 429 2728 739 2771; x_wconf 80' lang='lat' dir='ltr'>catholicorum</span> <span class='ocrx_word' id='word_1_184' title='bbox 753 2727 1007 2771; x_wconf 84' lang='lat' dir='ltr'>exercituum</span> <span class='ocrx_word' id='word_1_185' title='bbox 1033 2728 1236 2772; x_wconf 83' lang='lat' dir='ltr'>fortitudo</span> <span class='ocrx_word' id='word_1_186' title='bbox 1252 2730 1318 2769; x_wconf 78' lang='lat' dir='ltr'>ha-</span> 
     </span>
     <span class='ocr_line' id='line_1_37' title="bbox 281 2786 1317 2840; baseline 0.001 -13"><span class='ocrx_word' id='word_1_187' title='bbox 281 2789 421 2827; x_wconf 74' lang='lat' dir='ltr'>‹stenus</span> <span class='ocrx_word' id='word_1_188' title='bbox 456 2788 495 2829; x_wconf 92' lang='lat' dir='ltr'>in</span> <span class='ocrx_word' id='word_1_189' title='bbox 522 2787 746 2828; x_wconf 86' lang='lat' dir='ltr'>Germania</span> <span class='ocrx_word' id='word_1_190' title='bbox 780 2786 1040 2830; x_wconf 80' lang='lat' dir='ltr'>sbbstentavit</span> <span class='ocrx_word' id='word_1_191' title='bbox 1053 2818 1068 2840; x_wconf 87' lang='lat'>,</span> <span class='ocrx_word' id='word_1_192' title='bbox 1099 2786 1317 2831; x_wconf 83' lang='lat' dir='ltr'>certiffima</span> 
     </span>
     <span class='ocr_line' id='line_1_38' title="bbox 278 2843 1320 2904; baseline 0.002 -18"><span class='ocrx_word' id='word_1_193' title='bbox 278 2843 392 2901; x_wconf 83' lang='lat' dir='ltr'>ipsius</span> <span class='ocrx_word' id='word_1_194' title='bbox 414 2847 493 2889; x_wconf 91' lang='lat' dir='ltr'>Dei</span> <span class='ocrx_word' id='word_1_195' title='bbox 506 2844 676 2888; x_wconf 84' lang='lat' dir='ltr'>decreta</span> <span class='ocrx_word' id='word_1_196' title='bbox 692 2844 968 2898; x_wconf 86' lang='lat' dir='ltr'>sunt,tandem</span> <span class='ocrx_word' id='word_1_197' title='bbox 982 2847 1234 2904; x_wconf 85' lang='lat' dir='ltr'>exsurgentis</span> <span class='ocrx_word' id='word_1_198' title='bbox 1250 2875 1264 2899; x_wconf 84' lang='lat'><strong>‚</strong></span> <span class='ocrx_word' id='word_1_199' title='bbox 1279 2848 1320 2888; x_wconf 77' lang='grc' dir='ltr'>δε</span> 
     </span>
     <span class='ocr_line' id='line_1_39' title="bbox 278 2902 1319 2958; baseline 0.001 -12"><span class='ocrx_word' id='word_1_200' title='bbox 278 2904 492 2958; x_wconf 88' lang='lat' dir='ltr'>judicantis</span> <span class='ocrx_word' id='word_1_201' title='bbox 506 2904 665 2947; x_wconf 81' lang='lat' dir='ltr'>causam</span> <span class='ocrx_word' id='word_1_202' title='bbox 681 2902 787 2946; x_wconf 91' lang='lat' dir='ltr'>suam</span> <span class='ocrx_word' id='word_1_203' title='bbox 800 2933 811 2944; x_wconf 87' lang='lat'>.</span> <span class='ocrx_word' id='word_1_204' title='bbox 831 2905 896 2946; x_wconf 84' lang='lat' dir='ltr'>Ad</span> <span class='ocrx_word' id='word_1_205' title='bbox 913 2919 1002 2947; x_wconf 88' lang='lat' dir='ltr'>earn</span> <span class='ocrx_word' id='word_1_206' title='bbox 1017 2904 1319 2950; x_wconf 88' lang='lat' dir='ltr'>defendendam</span> 
     </span>
     <span class='ocr_line' id='line_1_40' title="bbox 279 2964 1321 3022; baseline 0 -14"><span class='ocrx_word' id='word_1_207' title='bbox 279 2964 482 3011; x_wconf 85' lang='lat' dir='ltr'>advocare</span> <span class='ocrx_word' id='word_1_208' title='bbox 513 2964 587 3006; x_wconf 89' lang='lat' dir='ltr'>ille</span> <span class='ocrx_word' id='word_1_209' title='bbox 609 2976 755 3015; x_wconf 80' lang='lat' dir='ltr'>omnes</span> <span class='ocrx_word' id='word_1_210' title='bbox 790 2966 988 3008; x_wconf 87' lang='lat' dir='ltr'>Proceres</span> <span class='ocrx_word' id='word_1_211' title='bbox 1023 2966 1188 3011; x_wconf 85' lang='lat' dir='ltr'>videtur</span> <span class='ocrx_word' id='word_1_212' title='bbox 1202 2995 1218 3019; x_wconf 88' lang='lat'>,</span> <span class='ocrx_word' id='word_1_213' title='bbox 1249 2964 1321 3022; x_wconf 83' lang='lat' dir='ltr'>qui</span> 
     </span>
     <span class='ocr_line' id='line_1_41' title="bbox 277 3022 1316 3081; baseline 0.001 -15"><span class='ocrx_word' id='word_1_214' title='bbox 277 3024 552 3066; x_wconf 89' lang='lat' dir='ltr'>Ratisbonam</span> <span class='ocrx_word' id='word_1_215' title='bbox 567 3023 807 3065; x_wconf 84' lang='lat' dir='ltr'>convenistis</span> <span class='ocrx_word' id='word_1_216' title='bbox 834 3022 894 3065; x_wconf 70' lang='lat' dir='ltr'>de.</span> <span class='ocrx_word' id='word_1_217' title='bbox 911 3024 1136 3080; x_wconf 85' lang='lat' dir='ltr'>impietatis</span> <span class='ocrx_word' id='word_1_218' title='bbox 1165 3025 1316 3081; x_wconf 86' lang='lat' dir='ltr'>suppli-</span> 
     </span>
     <span class='ocr_line' id='line_1_42' title="bbox 277 3081 1314 3140; baseline 0.002 -15"><span class='ocrx_word' id='word_1_219' title='bbox 277 3084 341 3126; x_wconf 90' lang='lat' dir='ltr'>cio</span> <span class='ocrx_word' id='word_1_220' title='bbox 362 3111 376 3134; x_wconf 83' lang='lat'>‚</span> <span class='ocrx_word' id='word_1_221' title='bbox 404 3084 447 3124; x_wconf 76' lang='grc' dir='ltr'>δι</span> <span class='ocrx_word' id='word_1_222' title='bbox 464 3083 636 3125; x_wconf 86' lang='lat' dir='ltr'>Romani</span> <span class='ocrx_word' id='word_1_223' title='bbox 655 3082 819 3140; x_wconf 78' lang='lat' dir='ltr'>Imperii</span> <span class='ocrx_word' id='word_1_224' title='bbox 845 3081 1049 3139; x_wconf 83' lang='lat' dir='ltr'>dignitate</span> <span class='ocrx_word' id='word_1_225' title='bbox 1062 3085 1314 3129; x_wconf 85' lang='lat' dir='ltr'>deliberatu-</span> 
     </span>
     <span class='ocr_line' id='line_1_43' title="bbox 278 3142 1312 3197; baseline 0.001 -13"><span class='ocrx_word' id='word_1_226' title='bbox 278 3143 310 3184; x_wconf 91' lang='lat' dir='ltr'>ri</span> <span class='ocrx_word' id='word_1_227' title='bbox 325 3168 337 3181; x_wconf 83' lang='lat'><strong>.</strong></span> <span class='ocrx_word' id='word_1_228' title='bbox 370 3143 525 3184; x_wconf 87' lang='lat' dir='ltr'>Scimus</span> <span class='ocrx_word' id='word_1_229' title='bbox 540 3171 554 3194; x_wconf 85' lang='lat'>,</span> <span class='ocrx_word' id='word_1_230' title='bbox 585 3142 705 3197; x_wconf 70' lang='lat' dir='ltr'>quam</span> <span class='ocrx_word' id='word_1_231' title='bbox 720 3142 955 3185; x_wconf 81' lang='lat' dir='ltr'>constanter</span> <span class='ocrx_word' id='word_1_232' title='bbox 970 3146 1220 3188; x_wconf 81' lang='lat' dir='ltr'>Frater-nitas</span> <span class='ocrx_word' id='word_1_233' title='bbox 1242 3154 1312 3186; x_wconf 86' lang='lat' dir='ltr'>tua</span> 
     </span>
     <span class='ocr_line' id='line_1_44' title="bbox 277 3200 1313 3257; baseline 0.004 -16"><span class='ocrx_word' id='word_1_234' title='bbox 277 3201 560 3243; x_wconf 86' lang='lat' dir='ltr'>haereticorum</span> <span class='ocrx_word' id='word_1_235' title='bbox 586 3200 799 3257; x_wconf 87' lang='lat' dir='ltr'>perfidiam</span> <span class='ocrx_word' id='word_1_236' title='bbox 826 3202 912 3244; x_wconf 90' lang='lat' dir='ltr'>ulta</span> <span class='ocrx_word' id='word_1_237' title='bbox 927 3202 995 3245; x_wconf 86' lang='lat' dir='ltr'>fit.</span> <span class='ocrx_word' id='word_1_238' title='bbox 1031 3207 1149 3247; x_wconf 89' lang='lat' dir='ltr'>Nunc</span> <span class='ocrx_word' id='word_1_239' title='bbox 1175 3214 1313 3247; x_wconf 84' lang='lat' dir='ltr'>autem</span> 
     </span>
     <span class='ocr_line' id='line_1_45' title="bbox 278 3258 1312 3315; baseline 0.006 -17"><span class='ocrx_word' id='word_1_240' title='bbox 278 3259 318 3299; x_wconf 91' lang='lat' dir='ltr'>in</span> <span class='ocrx_word' id='word_1_241' title='bbox 334 3258 405 3299; x_wconf 88' lang='lat' dir='ltr'>isto</span> <span class='ocrx_word' id='word_1_242' title='bbox 421 3259 694 3303; x_wconf 85' lang='lat' dir='ltr'>celeberrimo</span> <span class='ocrx_word' id='word_1_243' title='bbox 715 3263 938 3306; x_wconf 88' lang='lat' dir='ltr'>Conventu</span> <span class='ocrx_word' id='word_1_244' title='bbox 956 3275 1035 3306; x_wconf 91' lang='lat' dir='ltr'>non</span> <span class='ocrx_word' id='word_1_245' title='bbox 1049 3262 1282 3311; x_wconf 89' lang='lat' dir='ltr'>dubitamus</span> <span class='ocrx_word' id='word_1_246' title='bbox 1297 3291 1312 3315; x_wconf 82' lang='lat'>,</span> 
     </span>
     <span class='ocr_line' id='line_1_46' title="bbox 279 3317 1312 3378; baseline 0.01 -22"><span class='ocrx_word' id='word_1_247' title='bbox 279 3330 329 3357; x_wconf 87' lang='lat' dir='ltr'>an</span> <span class='ocrx_word' id='word_1_248' title='bbox 348 3317 671 3371; x_wconf 84' lang='lat' dir='ltr'>Religiofiffimus</span> <span class='ocrx_word' id='word_1_249' title='bbox 687 3319 849 3368; x_wconf 76' lang='lat' dir='ltr'>Praesul,</span> <span class='ocrx_word' id='word_1_250' title='bbox 868 3319 997 3362; x_wconf 74' lang='lat' dir='ltr'>lorica</span> <span class='ocrx_word' id='word_1_251' title='bbox 1012 3321 1109 3365; x_wconf 87' lang='lat' dir='ltr'>fidei</span> <span class='ocrx_word' id='word_1_252' title='bbox 1126 3352 1140 3374; x_wconf 85' lang='lat'>‚</span> <span class='ocrx_word' id='word_1_253' title='bbox 1171 3325 1211 3365; x_wconf 68' lang='grc' dir='ltr'>ἃ,</span> <span class='ocrx_word' id='word_1_254' title='bbox 1226 3323 1312 3378; x_wconf 88' lang='lat' dir='ltr'>gla-</span> 
     </span>
     <span class='ocr_line' id='line_1_47' title="bbox 280 3373 1310 3431; baseline 0.012 -18"><span class='ocrx_word' id='word_1_255' title='bbox 280 3374 351 3415; x_wconf 90' lang='lat' dir='ltr'>dio</span> <span class='ocrx_word' id='word_1_256' title='bbox 368 3373 501 3416; x_wconf 85' lang='lat' dir='ltr'>salutis</span> <span class='ocrx_word' id='word_1_257' title='bbox 515 3380 890 3431; x_wconf 79' lang='lat' dir='ltr'>armatus,militare</span> <span class='ocrx_word' id='word_1_258' title='bbox 906 3381 1007 3423; x_wconf 91' lang='lat' dir='ltr'>velis</span> <span class='ocrx_word' id='word_1_259' title='bbox 1024 3379 1196 3425; x_wconf 86' lang='lat' dir='ltr'>fortibus</span> <span class='ocrx_word' id='word_1_260' title='bbox 1211 3395 1310 3424; x_wconf 87' lang='lat' dir='ltr'>con·</span> 
     </span>
     <span class='ocr_line' id='line_1_48' title="bbox 279 3431 1311 3494; baseline 0.009 -20"><span class='ocrx_word' id='word_1_261' title='bbox 279 3432 372 3474; x_wconf 79' lang='lat' dir='ltr'>siliis</span> <span class='ocrx_word' id='word_1_262' title='bbox 387 3458 402 3480; x_wconf 72' lang='lat' dir='ltr'>s</span> <span class='ocrx_word' id='word_1_263' title='bbox 433 3431 746 3494; x_wconf 76' lang='lat' dir='ltr'>salutaribusque</span> <span class='ocrx_word' id='word_1_264' title='bbox 763 3438 971 3482; x_wconf 80' lang='lat' dir='ltr'>sententiis</span> <span class='ocrx_word' id='word_1_265' title='bbox 986 3469 998 3481; x_wconf 88' lang='lat'><strong>.</strong></span> <span class='ocrx_word' id='word_1_266' title='bbox 1029 3440 1077 3485; x_wconf 89' lang='lat' dir='ltr'>1d</span> <span class='ocrx_word' id='word_1_267' title='bbox 1102 3443 1125 3485; x_wconf 71' lang='lat' dir='ltr'>a</span> <span class='ocrx_word' id='word_1_268' title='bbox 1139 3449 1207 3484; x_wconf 84' lang='lat' dir='ltr'>tua</span> <span class='ocrx_word' id='word_1_269' title='bbox 1225 3443 1311 3483; x_wconf 85' lang='lat' dir='ltr'>vir-</span> 
     </span>
     <span class='ocr_line' id='line_1_49' title="bbox 280 3492 1310 3557; baseline 0.007 -23"><span class='ocrx_word' id='word_1_270' title='bbox 280 3502 372 3557; x_wconf 71' lang='lat' dir='ltr'>tute</span> <span class='ocrx_word' id='word_1_271' title='bbox 389 3492 603 3535; x_wconf 82' lang='lat' dir='ltr'>catholica</span> <span class='ocrx_word' id='word_1_272' title='bbox 627 3496 820 3552; x_wconf 82' lang='lat' dir='ltr'>Religio,</span> <span class='ocrx_word' id='word_1_273' title='bbox 853 3512 903 3541; x_wconf 90' lang='lat' dir='ltr'>ex</span> <span class='ocrx_word' id='word_1_274' title='bbox 930 3508 994 3541; x_wconf 93' lang='lat' dir='ltr'>tot</span> <span class='ocrx_word' id='word_1_275' title='bbox 1020 3501 1139 3542; x_wconf 84' lang='lat' dir='ltr'>avitis</span> <span class='ocrx_word' id='word_1_276' title='bbox 1157 3501 1310 3556; x_wconf 87' lang='lat' dir='ltr'>Regnis</span> 
     </span>
     <span class='ocr_line' id='line_1_50' title="bbox 279 3550 1308 3615; baseline 0.014 -25"><span class='ocrx_word' id='word_1_277' title='bbox 279 3550 440 3607; x_wconf 62' lang='lat' dir='ltr'>dejecta</span> <span class='ocrx_word' id='word_1_278' title='bbox 464 3575 479 3597; x_wconf 80' lang='lat'>,</span> <span class='ocrx_word' id='word_1_279' title='bbox 509 3552 726 3609; x_wconf 89' lang='lat' dir='ltr'>multisque</span> <span class='ocrx_word' id='word_1_280' title='bbox 752 3555 934 3600; x_wconf 68' lang='lat' dir='ltr'>confecta</span> <span class='ocrx_word' id='word_1_281' title='bbox 964 3559 1206 3603; x_wconf 88' lang='lat' dir='ltr'>vulneribus</span> <span class='ocrx_word' id='word_1_282' title='bbox 1233 3575 1308 3615; x_wconf 86' lang='lat' dir='ltr'>po-</span> 
     </span>
     <span class='ocr_line' id='line_1_51' title="bbox 282 3609 1312 3670; baseline 0.007 -18"><span class='ocrx_word' id='word_1_283' title='bbox 282 3609 399 3652; x_wconf 79' lang='lat' dir='ltr'>stulat</span> <span class='ocrx_word' id='word_1_284' title='bbox 414 3609 632 3663; x_wconf 88' lang='lat' dir='ltr'>gemitibus</span> <span class='ocrx_word' id='word_1_285' title='bbox 657 3613 988 3659; x_wconf 89' lang='lat' dir='ltr'>inenarrabilibus</span> <span class='ocrx_word' id='word_1_286' title='bbox 1003 3646 1013 3659; x_wconf 84' lang='lat'>.</span> <span class='ocrx_word' id='word_1_287' title='bbox 1049 3622 1133 3661; x_wconf 80' lang='lat' dir='ltr'>Nos</span> <span class='ocrx_word' id='word_1_288' title='bbox 1146 3628 1283 3660; x_wconf 83' lang='lat' dir='ltr'>autem</span> <span class='ocrx_word' id='word_1_289' title='bbox 1298 3647 1312 3670; x_wconf 91' lang='lat'>,</span> 
     </span>
     <span class='ocr_line' id='line_1_52' title="bbox 280 3666 1311 3722; baseline 0.009 -13"><span class='ocrx_word' id='word_1_290' title='bbox 280 3668 426 3722; x_wconf 88' lang='lat' dir='ltr'>quibus</span> <span class='ocrx_word' id='word_1_291' title='bbox 441 3666 527 3722; x_wconf 89' lang='lat' dir='ltr'>ejus</span> <span class='ocrx_word' id='word_1_292' title='bbox 542 3669 715 3712; x_wconf 82' lang='lat' dir='ltr'>tutelam</span> <span class='ocrx_word' id='word_1_293' title='bbox 729 3671 810 3721; x_wconf 87' lang='lat' dir='ltr'>ipse</span> <span class='ocrx_word' id='word_1_294' title='bbox 827 3674 1028 3719; x_wconf 82' lang='lat' dir='ltr'>ultionum</span> <span class='ocrx_word' id='word_1_295' title='bbox 1046 3680 1161 3722; x_wconf 82' lang='lat' dir='ltr'>Deus</span> <span class='ocrx_word' id='word_1_296' title='bbox 1176 3677 1311 3719; x_wconf 90' lang='lat' dir='ltr'>credi·</span> 
     </span>
     <span class='ocr_line' id='line_1_53' title="bbox 277 3725 1311 3792; baseline 0.012 -25"><span class='ocrx_word' id='word_1_297' title='bbox 277 3727 339 3768; x_wconf 90' lang='lat' dir='ltr'>dit</span> <span class='ocrx_word' id='word_1_298' title='bbox 354 3754 369 3778; x_wconf 87' lang='lat'>,</span> <span class='ocrx_word' id='word_1_299' title='bbox 389 3739 438 3767; x_wconf 85' lang='lat' dir='ltr'>ex</span> <span class='ocrx_word' id='word_1_300' title='bbox 453 3725 634 3771; x_wconf 85' lang='lat' dir='ltr'>altiffima</span> <span class='ocrx_word' id='word_1_301' title='bbox 651 3731 724 3770; x_wconf 87' lang='lat' dir='ltr'>hac</span> <span class='ocrx_word' id='word_1_302' title='bbox 740 3731 977 3777; x_wconf 79' lang='lat' dir='ltr'>Christianae</span> <span class='ocrx_word' id='word_1_303' title='bbox 993 3737 1211 3792; x_wconf 74' lang='lat' dir='ltr'>Sapientiae</span> <span class='ocrx_word' id='word_1_304' title='bbox 1225 3739 1311 3779; x_wconf 92' lang='lat' dir='ltr'>Ca-</span> 
     </span>
     <span class='ocr_line' id='line_1_54' title="bbox 272 3784 1311 3854; baseline 0.014 -27"><span class='ocrx_word' id='word_1_305' title='bbox 272 3784 428 3828; x_wconf 78' lang='lat' dir='ltr'>&#39;thedra</span> <span class='ocrx_word' id='word_1_306' title='bbox 448 3786 689 3832; x_wconf 72' lang='lat' dir='ltr'>catholicos</span> <span class='ocrx_word' id='word_1_307' title='bbox 705 3790 933 3838; x_wconf 73' lang='lat' dir='ltr'>Germaniae</span> <span class='ocrx_word' id='word_1_308' title='bbox 951 3795 1174 3854; x_wconf 50' lang='lat' dir='ltr'>‚Principes</span> <span class='ocrx_word' id='word_1_309' title='bbox 1189 3794 1311 3853; x_wconf 45' lang='lat' dir='ltr'>„allot</span> 
     </span>
    </p>
   </div>
   <div class='ocr_carea' id='block_1_13' title="bbox 1017 179 1690 274">
    <p class='ocr_par' dir='ltr' id='par_1_14' title="bbox 1017 179 1690 274">
     <span class='ocr_line' id='line_1_55' title="bbox 1017 179 1690 274; baseline -0.006 -5"><span class='ocrx_word' id='word_1_310' title='bbox 1017 179 1690 274; x_wconf 10' lang='lat' dir='ltr'>‘Cuifflodiaq</span> 
     </span>
    </p>
   </div>
   <div class='ocr_carea' id='block_1_14' title="bbox 1384 297 2439 1715">
    <p class='ocr_par' dir='ltr' id='par_1_15' title="bbox 1384 297 2439 1715">
     <span class='ocr_line' id='line_1_56' title="bbox 1387 297 2431 355; baseline -0.002 -14"><span class='ocrx_word' id='word_1_311' title='bbox 1387 301 1582 355; x_wconf 85' lang='lat' dir='ltr'>quimur,</span> <span class='ocrx_word' id='word_1_312' title='bbox 1614 297 1904 343; x_wconf 74' lang='lat' dir='ltr'>clamitantes:</span> <span class='ocrx_word' id='word_1_313' title='bbox 1937 299 2105 341; x_wconf 78' lang='lat' dir='ltr'>Montes</span> <span class='ocrx_word' id='word_1_314' title='bbox 2121 298 2278 350; x_wconf 85' lang='lat' dir='ltr'>lsrael,</span> <span class='ocrx_word' id='word_1_315' title='bbox 2310 297 2431 340; x_wconf 72' lang='lat' dir='ltr'>sudi·-</span> 
     </span>
     <span class='ocr_line' id='line_1_57' title="bbox 1387 356 2430 413; baseline -0.001 -13"><span class='ocrx_word' id='word_1_316' title='bbox 1387 368 1431 401; x_wconf 64' lang='grc' dir='ltr'>τε</span> <span class='ocrx_word' id='word_1_317' title='bbox 1457 358 1628 403; x_wconf 87' lang='lat' dir='ltr'>verbum</span> <span class='ocrx_word' id='word_1_318' title='bbox 1658 358 1852 411; x_wconf 88' lang='lat' dir='ltr'>Domini,</span> <span class='ocrx_word' id='word_1_319' title='bbox 1885 356 2098 402; x_wconf 72' lang='lat' dir='ltr'>pontificia</span> <span class='ocrx_word' id='word_1_320' title='bbox 2124 371 2225 402; x_wconf 91' lang='lat' dir='ltr'>voce</span> <span class='ocrx_word' id='word_1_321' title='bbox 2256 359 2430 413; x_wconf 86' lang='lat' dir='ltr'>toquen-</span> 
     </span>
     <span class='ocr_line' id='line_1_58' title="bbox 1387 415 2432 474; baseline 0 -15"><span class='ocrx_word' id='word_1_322' title='bbox 1387 417 1466 461; x_wconf 87' lang='lat' dir='ltr'>tis.</span> <span class='ocrx_word' id='word_1_323' title='bbox 1502 419 1691 471; x_wconf 84' lang='lat' dir='ltr'>Regnum</span> <span class='ocrx_word' id='word_1_324' title='bbox 1723 420 1800 459; x_wconf 89' lang='lat' dir='ltr'>Dei</span> <span class='ocrx_word' id='word_1_325' title='bbox 1823 445 1837 470; x_wconf 80' lang='grc'><em>,</em></span> <span class='ocrx_word' id='word_1_326' title='bbox 1869 415 1980 474; x_wconf 89' lang='lat' dir='ltr'>quod</span> <span class='ocrx_word' id='word_1_327' title='bbox 2005 417 2188 461; x_wconf 89' lang='lat' dir='ltr'>omnium</span> <span class='ocrx_word' id='word_1_328' title='bbox 2218 416 2432 474; x_wconf 83' lang='lat' dir='ltr'>Principa-</span> 
     </span>
     <span class='ocr_line' id='line_1_59' title="bbox 1386 474 2431 532; baseline 0.001 -15"><span class='ocrx_word' id='word_1_329' title='bbox 1386 486 1502 519; x_wconf 89' lang='lat' dir='ltr'>tuum</span> <span class='ocrx_word' id='word_1_330' title='bbox 1531 474 1796 520; x_wconf 86' lang='lat' dir='ltr'>firmiffimum</span> <span class='ocrx_word' id='word_1_331' title='bbox 1814 485 2128 521; x_wconf 86' lang='lat' dir='ltr'>monumentum</span> <span class='ocrx_word' id='word_1_332' title='bbox 2142 476 2228 527; x_wconf 86' lang='lat' dir='ltr'>est,</span> <span class='ocrx_word' id='word_1_333' title='bbox 2259 476 2431 532; x_wconf 86' lang='lat' dir='ltr'>quaerite</span> 
     </span>
     <span class='ocr_line' id='line_1_60' title="bbox 1398 534 2439 592; baseline -0.002 -14"><span class='ocrx_word' id='word_1_334' title='bbox 1398 546 1495 578; x_wconf 88' lang='lat' dir='ltr'>ante</span> <span class='ocrx_word' id='word_1_335' title='bbox 1509 535 1644 581; x_wconf 90' lang='lat' dir='ltr'>omnia</span> <span class='ocrx_word' id='word_1_336' title='bbox 1658 563 1672 576; x_wconf 88' lang='lat'><strong>.</strong></span> <span class='ocrx_word' id='word_1_337' title='bbox 1703 535 1831 579; x_wconf 89' lang='lat' dir='ltr'>Nulla</span> <span class='ocrx_word' id='word_1_338' title='bbox 1848 550 1916 578; x_wconf 89' lang='lat' dir='ltr'>vos</span> <span class='ocrx_word' id='word_1_339' title='bbox 1947 535 2033 590; x_wconf 90' lang='lat' dir='ltr'>spes</span> <span class='ocrx_word' id='word_1_340' title='bbox 2048 535 2229 592; x_wconf 89' lang='lat' dir='ltr'>decipiat</span> <span class='ocrx_word' id='word_1_341' title='bbox 2243 564 2259 587; x_wconf 86' lang='lat'>,</span> <span class='ocrx_word' id='word_1_342' title='bbox 2289 534 2439 577; x_wconf 53' lang='lat' dir='ltr'>nulla..)</span> 
     </span>
     <span class='ocr_line' id='line_1_61' title="bbox 1400 593 2439 639; baseline -0.002 -1"><span class='ocrx_word' id='word_1_343' title='bbox 1400 609 1470 638; x_wconf 91' lang='lat' dir='ltr'>vos</span> <span class='ocrx_word' id='word_1_344' title='bbox 1488 593 1664 637; x_wconf 86' lang='lat' dir='ltr'>formido</span> <span class='ocrx_word' id='word_1_345' title='bbox 1678 603 1832 639; x_wconf 87' lang='lat' dir='ltr'>terreat</span> <span class='ocrx_word' id='word_1_346' title='bbox 1849 623 1860 634; x_wconf 88' lang='lat'><strong>.</strong></span> <span class='ocrx_word' id='word_1_347' title='bbox 1893 593 2054 639; x_wconf 85' lang='lat' dir='ltr'>Afferte</span> <span class='ocrx_word' id='word_1_348' title='bbox 2070 594 2213 638; x_wconf 88' lang='lat' dir='ltr'>vestris</span> <span class='ocrx_word' id='word_1_349' title='bbox 2229 593 2439 637; x_wconf 81' lang='lat' dir='ltr'>sententiis</span> 
     </span>
     <span class='ocr_line' id='line_1_62' title="bbox 1400 652 2439 711; baseline -0.001 -14"><span class='ocrx_word' id='word_1_350' title='bbox 1400 663 1641 709; x_wconf 87' lang='lat' dir='ltr'>exoptatum</span> <span class='ocrx_word' id='word_1_351' title='bbox 1671 652 1713 698; x_wconf 89' lang='lat' dir='ltr'>id</span> <span class='ocrx_word' id='word_1_352' title='bbox 1740 655 1933 710; x_wconf 83' lang='lat' dir='ltr'>gaudium</span> <span class='ocrx_word' id='word_1_353' title='bbox 1957 653 2160 711; x_wconf 78' lang='lat' dir='ltr'>Angelis,</span> <span class='ocrx_word' id='word_1_354' title='bbox 2189 655 2229 698; x_wconf 77' lang='grc' dir='ltr'>δι</span> <span class='ocrx_word' id='word_1_355' title='bbox 2254 652 2439 700; x_wconf 86' lang='lat' dir='ltr'>solatium</span> 
     </span>
     <span class='ocr_line' id='line_1_63' title="bbox 1397 712 2438 770; baseline -0.002 -14"><span class='ocrx_word' id='word_1_356' title='bbox 1397 713 1626 756; x_wconf 88' lang='lat' dir='ltr'>hominibus</span> <span class='ocrx_word' id='word_1_357' title='bbox 1657 741 1672 764; x_wconf 83' lang='lat'>‚</span> <span class='ocrx_word' id='word_1_358' title='bbox 1706 714 2020 770; x_wconf 83' lang='lat' dir='ltr'>Palatinumque</span> <span class='ocrx_word' id='word_1_359' title='bbox 2049 741 2064 765; x_wconf 80' lang='lat'><strong>,</strong></span> <span class='ocrx_word' id='word_1_360' title='bbox 2089 713 2352 769; x_wconf 91' lang='lat' dir='ltr'>proditorum</span> <span class='ocrx_word' id='word_1_361' title='bbox 2397 712 2438 754; x_wconf 75' lang='grc' dir='ltr'>δι</span> 
     </span>
     <span class='ocr_line' id='line_1_64' title="bbox 1396 771 2439 825; baseline -0.003 -10"><span class='ocrx_word' id='word_1_362' title='bbox 1396 772 1599 816; x_wconf 89' lang='lat' dir='ltr'>latronum</span> <span class='ocrx_word' id='word_1_363' title='bbox 1617 774 1776 816; x_wconf 81' lang='lat' dir='ltr'>Ducem</span> <span class='ocrx_word' id='word_1_364' title='bbox 1791 802 1806 825; x_wconf 82' lang='lat'>‚</span> <span class='ocrx_word' id='word_1_365' title='bbox 1837 773 2047 818; x_wconf 87' lang='lat' dir='ltr'>Catholici</span> <span class='ocrx_word' id='word_1_366' title='bbox 2067 772 2255 816; x_wconf 89' lang='lat' dir='ltr'>Nominis</span> <span class='ocrx_word' id='word_1_367' title='bbox 2272 799 2286 822; x_wconf 86' lang='lat'><strong>,</strong></span> <span class='ocrx_word' id='word_1_368' title='bbox 2300 772 2340 813; x_wconf 73' lang='grc' dir='ltr'>δι</span> <span class='ocrx_word' id='word_1_369' title='bbox 2354 771 2439 819; x_wconf 63' lang='lat' dir='ltr'>1m÷</span> 
     </span>
     <span class='ocr_line' id='line_1_65' title="bbox 1395 828 2437 888; baseline -0.003 -14"><span class='ocrx_word' id='word_1_370' title='bbox 1395 831 1499 888; x_wconf 91' lang='lat' dir='ltr'>perii</span> <span class='ocrx_word' id='word_1_371' title='bbox 1517 831 1692 874; x_wconf 87' lang='lat' dir='ltr'>Romani</span> <span class='ocrx_word' id='word_1_372' title='bbox 1710 831 1865 876; x_wconf 84' lang='lat' dir='ltr'>hostem</span> <span class='ocrx_word' id='word_1_373' title='bbox 1877 861 1891 884; x_wconf 81' lang='lat'>‚</span> <span class='ocrx_word' id='word_1_374' title='bbox 1912 833 2102 877; x_wconf 73' lang='lat' dir='ltr'>Caesareae</span> <span class='ocrx_word' id='word_1_375' title='bbox 2118 831 2330 875; x_wconf 75' lang='lat' dir='ltr'>elee‘tionis</span> <span class='ocrx_word' id='word_1_376' title='bbox 2344 828 2437 887; x_wconf 86' lang='lat' dir='ltr'>jure</span> 
     </span>
     <span class='ocr_line' id='line_1_66' title="bbox 1393 889 2433 946; baseline -0.005 -11"><span class='ocrx_word' id='word_1_377' title='bbox 1393 889 1562 935; x_wconf 82' lang='lat' dir='ltr'>tandem</span> <span class='ocrx_word' id='word_1_378' title='bbox 1579 889 1799 946; x_wconf 89' lang='lat' dir='ltr'>aliquando</span> <span class='ocrx_word' id='word_1_379' title='bbox 1812 921 1827 943; x_wconf 83' lang='lat'>‚</span> <span class='ocrx_word' id='word_1_380' title='bbox 1861 891 1973 934; x_wconf 87' lang='lat' dir='ltr'>Divis</span> <span class='ocrx_word' id='word_1_381' title='bbox 1988 891 2180 934; x_wconf 90' lang='lat' dir='ltr'>omnibus</span> <span class='ocrx_word' id='word_1_382' title='bbox 2199 891 2433 945; x_wconf 78' lang='lat' dir='ltr'>approban-</span> 
     </span>
     <span class='ocr_line' id='line_1_67' title="bbox 1393 948 2438 1006; baseline -0.004 -13"><span class='ocrx_word' id='word_1_383' title='bbox 1393 951 1499 993; x_wconf 91' lang='lat' dir='ltr'>tibus</span> <span class='ocrx_word' id='word_1_384' title='bbox 1514 976 1530 999; x_wconf 84' lang='lat'>·,</span> <span class='ocrx_word' id='word_1_385' title='bbox 1556 950 1597 991; x_wconf 76' lang='grc' dir='ltr'>δι</span> <span class='ocrx_word' id='word_1_386' title='bbox 1611 949 1820 1004; x_wconf 80' lang='lat' dir='ltr'>flagitante</span> <span class='ocrx_word' id='word_1_387' title='bbox 1837 949 2022 993; x_wconf 76' lang='lat' dir='ltr'>Romana</span> <span class='ocrx_word' id='word_1_388' title='bbox 2038 950 2221 995; x_wconf 67' lang='lat' dir='ltr'>Ecclesia</span> <span class='ocrx_word' id='word_1_389' title='bbox 2244 948 2412 1006; x_wconf 87' lang='lat' dir='ltr'>spoliate</span> <span class='ocrx_word' id='word_1_390' title='bbox 2424 979 2438 989; x_wconf 92' lang='lat'><strong><em>.</em></strong></span> 
     </span>
     <span class='ocr_line' id='line_1_68' title="bbox 1395 1007 2437 1064; baseline -0.005 -12"><span class='ocrx_word' id='word_1_391' title='bbox 1395 1012 1503 1052; x_wconf 88' lang='lat' dir='ltr'>Dum</span> <span class='ocrx_word' id='word_1_392' title='bbox 1517 1010 1601 1051; x_wconf 93' lang='lat' dir='ltr'>Vos</span> <span class='ocrx_word' id='word_1_393' title='bbox 1615 1007 1982 1052; x_wconf 88' lang='lat' dir='ltr'>consultationibus</span> <span class='ocrx_word' id='word_1_394' title='bbox 1995 1011 2058 1052; x_wconf 84' lang='lat' dir='ltr'>Re</span> <span class='ocrx_word' id='word_1_395' title='bbox 2066 1009 2437 1064; x_wconf 85' lang='lat' dir='ltr'>mpublicamChri.</span> 
     </span>
     <span class='ocr_line' id='line_1_69' title="bbox 1396 1066 2435 1124; baseline -0.004 -13"><span class='ocrx_word' id='word_1_396' title='bbox 1396 1069 1561 1116; x_wconf 81' lang='lat' dir='ltr'>ilianam</span> <span class='ocrx_word' id='word_1_397' title='bbox 1579 1067 1616 1109; x_wconf 93' lang='lat' dir='ltr'>in</span> <span class='ocrx_word' id='word_1_398' title='bbox 1632 1066 1706 1109; x_wconf 86' lang='lat' dir='ltr'>isto</span> <span class='ocrx_word' id='word_1_399' title='bbox 1725 1069 1955 1124; x_wconf 87' lang='lat' dir='ltr'>Principum</span> <span class='ocrx_word' id='word_1_400' title='bbox 1977 1067 2172 1112; x_wconf 89' lang='lat' dir='ltr'>Concilio</span> <span class='ocrx_word' id='word_1_401' title='bbox 2186 1066 2435 1117; x_wconf 83' lang='lat' dir='ltr'>defendetis,</span> 
     </span>
     <span class='ocr_line' id='line_1_70' title="bbox 1392 1125 2435 1183; baseline -0.005 -11"><span class='ocrx_word' id='word_1_402' title='bbox 1392 1132 1481 1172; x_wconf 90' lang='lat' dir='ltr'>Nos</span> <span class='ocrx_word' id='word_1_403' title='bbox 1498 1125 1800 1170; x_wconf 76' lang='lat' dir='ltr'>accuratiffimis</span> <span class='ocrx_word' id='word_1_404' title='bbox 1815 1129 2004 1183; x_wconf 88' lang='lat' dir='ltr'>precibus</span> <span class='ocrx_word' id='word_1_405' title='bbox 2018 1127 2154 1170; x_wconf 91' lang='lat' dir='ltr'>divina</span> <span class='ocrx_word' id='word_1_406' title='bbox 2169 1126 2297 1171; x_wconf 89' lang='lat' dir='ltr'>Vobis</span> <span class='ocrx_word' id='word_1_407' title='bbox 2313 1125 2435 1168; x_wconf 85' lang='lat' dir='ltr'>auxi-</span> 
     </span>
     <span class='ocr_line' id='line_1_71' title="bbox 1392 1185 2435 1242; baseline -0.003 -12"><span class='ocrx_word' id='word_1_408' title='bbox 1392 1187 1446 1230; x_wconf 82' lang='lat' dir='ltr'>lia</span> <span class='ocrx_word' id='word_1_409' title='bbox 1460 1200 1700 1242; x_wconf 79' lang='lat' dir='ltr'>comparare</span> <span class='ocrx_word' id='word_1_410' title='bbox 1715 1185 1959 1231; x_wconf 87' lang='lat' dir='ltr'>studebimus</span> <span class='ocrx_word' id='word_1_411' title='bbox 1976 1216 1987 1228; x_wconf 89' lang='lat'>.</span> <span class='ocrx_word' id='word_1_412' title='bbox 2015 1186 2221 1229; x_wconf 84' lang='lat' dir='ltr'>Ministros</span> <span class='ocrx_word' id='word_1_413' title='bbox 2239 1186 2335 1228; x_wconf 78' lang='lat' dir='ltr'>vero</span> <span class='ocrx_word' id='word_1_414' title='bbox 2350 1187 2435 1228; x_wconf 86' lang='lat' dir='ltr'>No·</span> 
     </span>
     <span class='ocr_line' id='line_1_72' title="bbox 1386 1243 2432 1302; baseline -0.004 -13"><span class='ocrx_word' id='word_1_415' title='bbox 1386 1246 1596 1289; x_wconf 85' lang='lat' dir='ltr'>strosistuc</span> <span class='ocrx_word' id='word_1_416' title='bbox 1622 1246 1930 1301; x_wconf 79' lang='lat' dir='ltr'>ablegavimus,</span> <span class='ocrx_word' id='word_1_417' title='bbox 1961 1247 2192 1302; x_wconf 90' lang='lat' dir='ltr'>inquorum</span> <span class='ocrx_word' id='word_1_418' title='bbox 2224 1243 2432 1288; x_wconf 88' lang='lat' dir='ltr'>hortatio-</span> 
     </span>
     <span class='ocr_line' id='line_1_73' title="bbox 1384 1304 2430 1360; baseline -0.006 -10"><span class='ocrx_word' id='word_1_419' title='bbox 1384 1306 1506 1350; x_wconf 89' lang='lat' dir='ltr'>nibus</span> <span class='ocrx_word' id='word_1_420' title='bbox 1521 1315 1733 1360; x_wconf 79' lang='lat' dir='ltr'>paternam</span> <span class='ocrx_word' id='word_1_421' title='bbox 1754 1306 1928 1350; x_wconf 89' lang='lat' dir='ltr'>nostram</span> <span class='ocrx_word' id='word_1_422' title='bbox 1952 1304 2274 1348; x_wconf 88' lang='lat' dir='ltr'>sollicitudinem</span> <span class='ocrx_word' id='word_1_423' title='bbox 2298 1316 2430 1359; x_wconf 85' lang='lat' dir='ltr'>agno—</span> 
     </span>
     <span class='ocr_line' id='line_1_74' title="bbox 1391 1363 2435 1410; baseline -0.002 -4"><span class='ocrx_word' id='word_1_424' title='bbox 1391 1364 1477 1407; x_wconf 86' lang='lat' dir='ltr'>scet</span> <span class='ocrx_word' id='word_1_425' title='bbox 1497 1365 1750 1407; x_wconf 81' lang='lat' dir='ltr'>Fraternitas</span> <span class='ocrx_word' id='word_1_426' title='bbox 1771 1377 1838 1408; x_wconf 87' lang='lat' dir='ltr'>tua</span> <span class='ocrx_word' id='word_1_427' title='bbox 1857 1394 1869 1407; x_wconf 88' lang='lat'><strong>.</strong></span> <span class='ocrx_word' id='word_1_428' title='bbox 1902 1368 1985 1409; x_wconf 89' lang='lat' dir='ltr'>Has</span> <span class='ocrx_word' id='word_1_429' title='bbox 2002 1375 2140 1410; x_wconf 87' lang='lat' dir='ltr'>autem</span> <span class='ocrx_word' id='word_1_430' title='bbox 2159 1363 2253 1407; x_wconf 89' lang='lat' dir='ltr'>Tibi</span> <span class='ocrx_word' id='word_1_431' title='bbox 2275 1363 2435 1406; x_wconf 86' lang='lat' dir='ltr'>litteras</span> 
     </span>
     <span class='ocr_line' id='line_1_75' title="bbox 1394 1422 2435 1478; baseline -0.002 -13"><span class='ocrx_word' id='word_1_432' title='bbox 1394 1422 1546 1465; x_wconf 87' lang='lat' dir='ltr'>reddet</span> <span class='ocrx_word' id='word_1_433' title='bbox 1578 1423 1757 1466; x_wconf 64' lang='lat' dir='ltr'>Dilectus</span> <span class='ocrx_word' id='word_1_434' title='bbox 1795 1425 1921 1468; x_wconf 83' lang='lat' dir='ltr'>Filius</span> <span class='ocrx_word' id='word_1_435' title='bbox 1940 1431 1962 1477; x_wconf 82' lang='lat'>¹,</span> <span class='ocrx_word' id='word_1_436' title='bbox 1997 1427 2142 1467; x_wconf 82' lang='lat' dir='ltr'>Frater</span> <span class='ocrx_word' id='word_1_437' title='bbox 2175 1422 2435 1478; x_wconf 87' lang='lat' dir='ltr'>Hyacinthus</span> 
     </span>
     <span class='ocr_line' id='line_1_76' title="bbox 1395 1480 2433 1540; baseline -0.003 -15"><span class='ocrx_word' id='word_1_438' title='bbox 1395 1481 1646 1534; x_wconf 71' lang='lat' dir='ltr'>casalensis,</span> <span class='ocrx_word' id='word_1_439' title='bbox 1679 1484 1912 1540; x_wconf 84' lang='lat' dir='ltr'>Capucinus</span> <span class='ocrx_word' id='word_1_440' title='bbox 1927 1512 1942 1536; x_wconf 87' lang='lat'><strong>,</strong></span> <span class='ocrx_word' id='word_1_441' title='bbox 1977 1483 2102 1525; x_wconf 90' lang='lat' dir='ltr'>Vobis</span> <span class='ocrx_word' id='word_1_442' title='bbox 2117 1493 2238 1526; x_wconf 90' lang='lat' dir='ltr'>notus</span> <span class='ocrx_word' id='word_1_443' title='bbox 2253 1510 2267 1533; x_wconf 92' lang='lat'><strong>‚</strong></span> <span class='ocrx_word' id='word_1_444' title='bbox 2302 1480 2433 1523; x_wconf 88' lang='lat' dir='ltr'>Nobis</span> 
     </span>
     <span class='ocr_line' id='line_1_77' title="bbox 1397 1540 2432 1598; baseline -0.002 -15"><span class='ocrx_word' id='word_1_445' title='bbox 1397 1540 1664 1596; x_wconf 82' lang='lat' dir='ltr'>gratiffimus,</span> <span class='ocrx_word' id='word_1_446' title='bbox 1696 1543 1765 1598; x_wconf 91' lang='lat' dir='ltr'>qui</span> <span class='ocrx_word' id='word_1_447' title='bbox 1795 1556 1921 1598; x_wconf 88' lang='lat' dir='ltr'>nuper</span> <span class='ocrx_word' id='word_1_448' title='bbox 1938 1544 2142 1597; x_wconf 82' lang='lat' dir='ltr'>Europam</span> <span class='ocrx_word' id='word_1_449' title='bbox 2166 1540 2399 1598; x_wconf 83' lang='lat' dir='ltr'>peragravit</span> <span class='ocrx_word' id='word_1_450' title='bbox 2416 1565 2432 1588; x_wconf 79' lang='lat'>‚</span> 
     </span>
     <span class='ocr_line' id='line_1_78' title="bbox 1398 1599 2434 1657; baseline -0.003 -14"><span class='ocrx_word' id='word_1_451' title='bbox 1398 1599 1622 1644; x_wconf 85' lang='lat' dir='ltr'>Pontificiae</span> <span class='ocrx_word' id='word_1_452' title='bbox 1639 1601 1843 1644; x_wconf 90' lang='lat' dir='ltr'>voluntati</span> <span class='ocrx_word' id='word_1_453' title='bbox 1858 1601 2107 1657; x_wconf 87' lang='lat' dir='ltr'>obsequens,</span> <span class='ocrx_word' id='word_1_454' title='bbox 2119 1601 2158 1641; x_wconf 87' lang='lat'>&amp;</span> <span class='ocrx_word' id='word_1_455' title='bbox 2173 1600 2434 1642; x_wconf 69' lang='lat' dir='ltr'>Germanica</span> 
     </span>
     <span class='ocr_line' id='line_1_79' title="bbox 1394 1656 2434 1715; baseline -0.004 -12"><span class='ocrx_word' id='word_1_456' title='bbox 1394 1660 1672 1704; x_wconf 86' lang='lat' dir='ltr'>incolumitati</span> <span class='ocrx_word' id='word_1_457' title='bbox 1695 1660 1917 1706; x_wconf 85' lang='lat' dir='ltr'>inserviens</span> <span class='ocrx_word' id='word_1_458' title='bbox 1938 1689 1951 1702; x_wconf 86' lang='grc'><strong>.</strong></span> <span class='ocrx_word' id='word_1_459' title='bbox 1985 1663 2093 1704; x_wconf 89' lang='lat' dir='ltr'>Eum</span> <span class='ocrx_word' id='word_1_460' title='bbox 2117 1673 2222 1715; x_wconf 87' lang='lat' dir='ltr'>ergo</span> <span class='ocrx_word' id='word_1_461' title='bbox 2246 1656 2434 1713; x_wconf 76' lang='lat' dir='ltr'>lingulati</span> 
     </span>
    </p>
   </div>
   <div class='ocr_carea' id='block_1_15' title="bbox 1302 1715 2431 1776">
    <p class='ocr_par' dir='ltr' id='par_1_16' title="bbox 1302 1715 2431 1776">
     <span class='ocr_line' id='line_1_80' title="bbox 1302 1715 2431 1776; baseline -0.004 -12"><span class='ocrx_word' id='word_1_462' title='bbox 1302 1761 1306 1764; x_wconf 86' lang='lat'>.</span> <span class='ocrx_word' id='word_1_463' title='bbox 1391 1720 1591 1765; x_wconf 85' lang='lat' dir='ltr'>charitate</span> <span class='ocrx_word' id='word_1_464' title='bbox 1611 1719 1856 1776; x_wconf 69' lang='lat' dir='ltr'>complecti,</span> <span class='ocrx_word' id='word_1_465' title='bbox 1870 1722 1909 1765; x_wconf 75' lang='grc' dir='ltr'>δι</span> <span class='ocrx_word' id='word_1_466' title='bbox 1923 1719 2069 1763; x_wconf 64' lang='lat' dir='ltr'>eadem</span> <span class='ocrx_word' id='word_1_467' title='bbox 2083 1746 2098 1769; x_wconf 67' lang='lat'>2</span> <span class='ocrx_word' id='word_1_468' title='bbox 2115 1717 2195 1775; x_wconf 75' lang='lat' dir='ltr'>qua</span> <span class='ocrx_word' id='word_1_469' title='bbox 2211 1715 2431 1773; x_wconf 81' lang='lat' dir='ltr'>Nosipsos,</span> 
     </span>
    </p>
   </div>
   <div class='ocr_carea' id='block_1_16' title="bbox 1382 1778 2432 2532">
    <p class='ocr_par' dir='ltr' id='par_1_17' title="bbox 1382 1778 2432 2309">
     <span class='ocr_line' id='line_1_81' title="bbox 1391 1778 2432 1838; baseline -0.005 -15"><span class='ocrx_word' id='word_1_470' title='bbox 1391 1778 1474 1823; x_wconf 84' lang='lat' dir='ltr'>fide</span> <span class='ocrx_word' id='word_1_471' title='bbox 1494 1779 1636 1823; x_wconf 89' lang='lat' dir='ltr'>audire</span> <span class='ocrx_word' id='word_1_472' title='bbox 1657 1781 1814 1836; x_wconf 84' lang='lat' dir='ltr'>poterit</span> <span class='ocrx_word' id='word_1_473' title='bbox 1832 1780 2080 1838; x_wconf 71' lang='lat' dir='ltr'>Fraternitas</span> <span class='ocrx_word' id='word_1_474' title='bbox 2101 1780 2215 1822; x_wconf 84' lang='lat' dir='ltr'>Tua.</span> <span class='ocrx_word' id='word_1_475' title='bbox 2248 1779 2343 1820; x_wconf 88' lang='lat' dir='ltr'>Tuae</span> <span class='ocrx_word' id='word_1_476' title='bbox 2359 1789 2432 1819; x_wconf 91' lang='lat' dir='ltr'>ve-</span> 
     </span>
     <span class='ocr_line' id='line_1_82' title="bbox 1387 1836 2431 1894; baseline -0.003 -13"><span class='ocrx_word' id='word_1_477' title='bbox 1387 1840 1436 1883; x_wconf 78' lang='lat' dir='ltr'>ro</span> <span class='ocrx_word' id='word_1_478' title='bbox 1464 1838 1746 1891; x_wconf 63' lang='lat' dir='ltr'>senectuti,de</span> <span class='ocrx_word' id='word_1_479' title='bbox 1771 1841 1905 1883; x_wconf 88' lang='lat' dir='ltr'>Patria</span> <span class='ocrx_word' id='word_1_480' title='bbox 1921 1866 1935 1889; x_wconf 82' lang='grc'><em>,</em></span> <span class='ocrx_word' id='word_1_481' title='bbox 1966 1841 2006 1881; x_wconf 89' lang='lat'>&amp;</span> <span class='ocrx_word' id='word_1_482' title='bbox 2031 1838 2084 1881; x_wconf 87' lang='lat' dir='ltr'>de</span> <span class='ocrx_word' id='word_1_483' title='bbox 2097 1836 2316 1894; x_wconf 87' lang='lat' dir='ltr'>Religione</span> <span class='ocrx_word' id='word_1_484' title='bbox 2329 1849 2431 1892; x_wconf 86' lang='lat' dir='ltr'>prae-</span> 
     </span>
     <span class='ocr_line' id='line_1_83' title="bbox 1385 1894 2428 1954; baseline -0.001 -15"><span class='ocrx_word' id='word_1_485' title='bbox 1385 1897 1496 1940; x_wconf 74' lang='lat' dir='ltr'>clare</span> <span class='ocrx_word' id='word_1_486' title='bbox 1511 1900 1668 1954; x_wconf 85' lang='lat' dir='ltr'>semper</span> <span class='ocrx_word' id='word_1_487' title='bbox 1687 1900 1880 1950; x_wconf 87' lang='lat' dir='ltr'>merenti,</span> <span class='ocrx_word' id='word_1_488' title='bbox 1895 1899 1999 1941; x_wconf 88' lang='lat' dir='ltr'>tanti</span> <span class='ocrx_word' id='word_1_489' title='bbox 2020 1897 2183 1940; x_wconf 70' lang='lat' dir='ltr'>decoris</span> <span class='ocrx_word' id='word_1_490' title='bbox 2195 1894 2428 1938; x_wconf 66' lang='lat' dir='ltr'>coronam&#39;a</span> 
     </span>
     <span class='ocr_line' id='line_1_84' title="bbox 1384 1955 2427 2012; baseline -0.007 -11"><span class='ocrx_word' id='word_1_491' title='bbox 1384 1960 1478 2001; x_wconf 85' lang='lat' dir='ltr'>Deo</span> <span class='ocrx_word' id='word_1_492' title='bbox 1490 1957 1642 2012; x_wconf 89' lang='lat' dir='ltr'>imponi</span> <span class='ocrx_word' id='word_1_493' title='bbox 1664 1958 1704 2000; x_wconf 91' lang='lat' dir='ltr'>in</span> <span class='ocrx_word' id='word_1_494' title='bbox 1725 1957 1799 1999; x_wconf 89' lang='lat' dir='ltr'>isto</span> <span class='ocrx_word' id='word_1_495' title='bbox 1814 1960 1903 2000; x_wconf 91' lang='lat' dir='ltr'>Con</span> <span class='ocrx_word' id='word_1_496' title='bbox 1912 1966 2036 2000; x_wconf 87' lang='lat' dir='ltr'>ventu</span> <span class='ocrx_word' id='word_1_497' title='bbox 2053 1956 2236 2011; x_wconf 89' lang='lat' dir='ltr'>cupimus</span> <span class='ocrx_word' id='word_1_498' title='bbox 2252 1981 2268 2004; x_wconf 79' lang='lat'>‚</span> <span class='ocrx_word' id='word_1_499' title='bbox 2301 1964 2346 1996; x_wconf 91' lang='lat' dir='ltr'>ut</span> <span class='ocrx_word' id='word_1_500' title='bbox 2363 1955 2427 1995; x_wconf 89' lang='lat' dir='ltr'>Te</span> 
     </span>
     <span class='ocr_line' id='line_1_85' title="bbox 1383 2013 2427 2066; baseline -0.002 -10"><span class='ocrx_word' id='word_1_501' title='bbox 1383 2016 1675 2060; x_wconf 88' lang='lat' dir='ltr'>haereticorum</span> <span class='ocrx_word' id='word_1_502' title='bbox 1703 2014 1878 2058; x_wconf 79' lang='lat' dir='ltr'>ultorem</span> <span class='ocrx_word' id='word_1_503' title='bbox 1895 2042 1909 2066; x_wconf 81' lang='lat'><strong>,</strong></span> <span class='ocrx_word' id='word_1_504' title='bbox 1936 2016 1974 2056; x_wconf 88' lang='lat'>&amp;</span> <span class='ocrx_word' id='word_1_505' title='bbox 2001 2013 2317 2064; x_wconf 74' lang='lat' dir='ltr'>Ecclefiasticae,</span> <span class='ocrx_word' id='word_1_506' title='bbox 2344 2014 2427 2054; x_wconf 81' lang='lat' dir='ltr'>lm-</span> 
     </span>
     <span class='ocr_line' id='line_1_86' title="bbox 1382 2071 2427 2131; baseline -0.002 -16"><span class='ocrx_word' id='word_1_507' title='bbox 1382 2074 1681 2131; x_wconf 82' lang='lat' dir='ltr'>peratoriaeque</span> <span class='ocrx_word' id='word_1_508' title='bbox 1694 2072 1903 2129; x_wconf 80' lang='lat' dir='ltr'>dignitat1s</span> <span class='ocrx_word' id='word_1_509' title='bbox 1919 2071 2155 2117; x_wconf 78' lang='lat' dir='ltr'>assertorem</span> <span class='ocrx_word' id='word_1_510' title='bbox 2174 2071 2427 2127; x_wconf 89' lang='lat' dir='ltr'>consequen·</span> 
     </span>
     <span class='ocr_line' id='line_1_87' title="bbox 1384 2131 2426 2177; baseline -0.003 -2"><span class='ocrx_word' id='word_1_511' title='bbox 1384 2133 1487 2176; x_wconf 90' lang='lat' dir='ltr'>tium</span> <span class='ocrx_word' id='word_1_512' title='bbox 1513 2132 1746 2177; x_wconf 68' lang='lat' dir='ltr'>serculorum</span> <span class='ocrx_word' id='word_1_513' title='bbox 1773 2143 1908 2176; x_wconf 82' lang='lat' dir='ltr'>aetates</span> <span class='ocrx_word' id='word_1_514' title='bbox 1925 2134 1963 2175; x_wconf 92' lang='lat' dir='ltr'>in</span> <span class='ocrx_word' id='word_1_515' title='bbox 1983 2132 2203 2176; x_wconf 84' lang='lat' dir='ltr'>Germania</span> <span class='ocrx_word' id='word_1_516' title='bbox 2218 2131 2426 2173; x_wconf 79' lang='lat' dir='ltr'>nominare</span> 
     </span>
     <span class='ocr_line' id='line_1_88' title="bbox 1384 2189 2427 2248; baseline -0.002 -14"><span class='ocrx_word' id='word_1_517' title='bbox 1384 2192 1529 2248; x_wconf 82' lang='lat' dir='ltr'>poffint</span> <span class='ocrx_word' id='word_1_518' title='bbox 1543 2222 1559 2244; x_wconf 92' lang='lat'>,</span> <span class='ocrx_word' id='word_1_519' title='bbox 1587 2194 1627 2234; x_wconf 70' lang='grc' dir='ltr'>δι</span> <span class='ocrx_word' id='word_1_520' title='bbox 1658 2193 1922 2235; x_wconf 82' lang='lat' dir='ltr'>Fraternitati</span> <span class='ocrx_word' id='word_1_521' title='bbox 1938 2193 2035 2234; x_wconf 88' lang='lat' dir='ltr'>Tuae</span> <span class='ocrx_word' id='word_1_522' title='bbox 2058 2190 2333 2246; x_wconf 87' lang='lat' dir='ltr'>Apostolicam</span> <span class='ocrx_word' id='word_1_523' title='bbox 2349 2189 2427 2233; x_wconf 55' lang='lat' dir='ltr'>Bea-</span> 
     </span>
     <span class='ocr_line' id='line_1_89' title="bbox 1386 2251 2244 2309; baseline -0.005 -16"><span class='ocrx_word' id='word_1_524' title='bbox 1386 2252 1657 2309; x_wconf 67' lang='lat' dir='ltr'>nedictionem</span> <span class='ocrx_word' id='word_1_525' title='bbox 1683 2262 1945 2307; x_wconf 84' lang='lat' dir='ltr'>peramanter</span> <span class='ocrx_word' id='word_1_526' title='bbox 1960 2251 2218 2308; x_wconf 87' lang='lat' dir='ltr'>impartimur</span> <span class='ocrx_word' id='word_1_527' title='bbox 2232 2275 2244 2288; x_wconf 84' lang='lat'><strong>.</strong></span> 
     </span>
    </p>

    <p class='ocr_par' dir='ltr' id='par_1_18' title="bbox 1388 2307 2426 2532">
     <span class='ocr_line' id='line_1_90' title="bbox 1448 2307 2424 2369; baseline -0.004 -15"><span class='ocrx_word' id='word_1_528' title='bbox 1448 2314 1602 2354; x_wconf 87' lang='lat' dir='ltr'>Datum</span> <span class='ocrx_word' id='word_1_529' title='bbox 1622 2313 1762 2353; x_wconf 86' lang='lat' dir='ltr'>Romae</span> <span class='ocrx_word' id='word_1_530' title='bbox 1777 2312 1882 2369; x_wconf 91' lang='lat' dir='ltr'>apud</span> <span class='ocrx_word' id='word_1_531' title='bbox 1898 2308 2084 2354; x_wconf 64' lang='lat' dir='ltr'>Sanctam</span> <span class='ocrx_word' id='word_1_532' title='bbox 2101 2309 2268 2351; x_wconf 89' lang='lat' dir='ltr'>Mariam</span> <span class='ocrx_word' id='word_1_533' title='bbox 2288 2307 2424 2362; x_wconf 83' lang='lat' dir='ltr'>Majo—</span> 
     </span>
     <span class='ocr_line' id='line_1_91' title="bbox 1390 2368 2426 2426; baseline -0.003 -15"><span class='ocrx_word' id='word_1_534' title='bbox 1390 2383 1479 2411; x_wconf 88' lang='lat' dir='ltr'>rem</span> <span class='ocrx_word' id='word_1_535' title='bbox 1515 2369 1586 2412; x_wconf 89' lang='lat' dir='ltr'>sub</span> <span class='ocrx_word' id='word_1_536' title='bbox 1610 2369 1779 2416; x_wconf 90' lang='lat' dir='ltr'>Annulo</span> <span class='ocrx_word' id='word_1_537' title='bbox 1818 2370 2031 2415; x_wconf 84' lang='lat' dir='ltr'>Piscatoris</span> <span class='ocrx_word' id='word_1_538' title='bbox 2065 2368 2134 2414; x_wconf 90' lang='lat' dir='ltr'>die</span> <span class='ocrx_word' id='word_1_539' title='bbox 2168 2382 2208 2412; x_wconf 77' lang='lat' dir='ltr'>X.</span> <span class='ocrx_word' id='word_1_540' title='bbox 2236 2371 2426 2426; x_wconf 87' lang='lat' dir='ltr'>Septem-</span> 
     </span>
     <span class='ocr_line' id='line_1_92' title="bbox 1388 2427 2425 2475; baseline -0.002 -4"><span class='ocrx_word' id='word_1_541' title='bbox 1388 2429 1471 2471; x_wconf 90' lang='lat' dir='ltr'>bris</span> <span class='ocrx_word' id='word_1_542' title='bbox 1515 2444 1545 2472; x_wconf 86' lang='lat' dir='ltr'>M</span> <span class='ocrx_word' id='word_1_543' title='bbox 1566 2444 1594 2471; x_wconf 84' lang='lat' dir='ltr'>o</span> <span class='ocrx_word' id='word_1_544' title='bbox 1613 2441 1718 2473; x_wconf 73' lang='lat' dir='ltr'>cxx</span> <span class='ocrx_word' id='word_1_545' title='bbox 1740 2442 1754 2471; x_wconf 92' lang='lat'>1</span> <span class='ocrx_word' id='word_1_546' title='bbox 1783 2443 1818 2472; x_wconf 86' lang='lat'>1.</span> <span class='ocrx_word' id='word_1_547' title='bbox 1862 2427 2127 2475; x_wconf 83' lang='lat' dir='ltr'>Pontific&#39;atus</span> <span class='ocrx_word' id='word_1_548' title='bbox 2172 2427 2296 2471; x_wconf 87' lang='lat' dir='ltr'>nostri</span> <span class='ocrx_word' id='word_1_549' title='bbox 2341 2430 2425 2471; x_wconf 86' lang='lat' dir='ltr'>An·</span> 
     </span>
     <span class='ocr_line' id='line_1_93' title="bbox 1388 2488 1663 2532; baseline 0 -1"><span class='ocrx_word' id='word_1_550' title='bbox 1388 2502 1443 2531; x_wconf 90' lang='lat' dir='ltr'>no</span> <span class='ocrx_word' id='word_1_551' title='bbox 1462 2488 1663 2532; x_wconf 89' lang='lat' dir='ltr'>secundo.</span> 
     </span>
    </p>
   </div>
   <div class='ocr_carea' id='block_1_17' title="bbox 1446 2606 2256 2667">
    <p class='ocr_par' dir='ltr' id='par_1_19' title="bbox 1446 2606 2256 2667">
     <span class='ocr_line' id='line_1_94' title="bbox 1446 2606 2256 2667; baseline -0.004 -16"><span class='ocrx_word' id='word_1_552' title='bbox 1446 2611 1506 2651; x_wconf 80' lang='lat' dir='ltr'>Ex</span> <span class='ocrx_word' id='word_1_553' title='bbox 1528 2606 1788 2663; x_wconf 64' lang='lat' dir='ltr'>Aah-prad.</span> <span class='ocrx_word' id='word_1_554' title='bbox 1806 2607 1925 2667; x_wconf 75' lang='lat' dir='ltr'>Epist.</span> <span class='ocrx_word' id='word_1_555' title='bbox 1949 2608 2040 2651; x_wconf 80' lang='lat'>161.</span> <span class='ocrx_word' id='word_1_556' title='bbox 2058 2606 2142 2666; x_wconf 83' lang='lat' dir='ltr'>fol.</span> <span class='ocrx_word' id='word_1_557' title='bbox 2163 2618 2256 2661; x_wconf 85' lang='lat'>104.</span> 
     </span>
    </p>
   </div>
   <div class='ocr_carea' id='block_1_18' title="bbox 1377 2745 2408 2766">
    <p class='ocr_par' dir='ltr' id='par_1_20' title="bbox 1377 2745 2408 2766">
     <span class='ocr_line' id='line_1_95' title="bbox 1377 2745 2408 2766; baseline -0.001 -3"><span class='ocrx_word' id='word_1_558' title='bbox 1377 2748 1607 2764; x_wconf 73' lang='lat'>——-</span> <span class='ocrx_word' id='word_1_559' title='bbox 1611 2749 2200 2766; x_wconf 42' lang='lat' dir='ltr'>—ss—--n</span> <span class='ocrx_word' id='word_1_560' title='bbox 2206 2745 2408 2762; x_wconf 68' lang='lat' dir='ltr'>——1-—n</span> 
     </span>
    </p>
   </div>
   <div class='ocr_carea' id='block_1_19' title="bbox 1643 2858 2162 2931">
    <p class='ocr_par' dir='ltr' id='par_1_21' title="bbox 1643 2858 2162 2931">
     <span class='ocr_line' id='line_1_96' title="bbox 1643 2858 2162 2931; baseline -0.004 -20"><span class='ocrx_word' id='word_1_561' title='bbox 1643 2858 1826 2912; x_wconf 85' lang='lat' dir='ltr'>Eodem</span> <span class='ocrx_word' id='word_1_562' title='bbox 1861 2873 2133 2931; x_wconf 86' lang='lat' dir='ltr'>argumento</span> <span class='ocrx_word' id='word_1_563' title='bbox 2149 2895 2162 2909; x_wconf 92' lang='lat'><strong>.</strong></span> 
     </span>
    </p>
   </div>
   <div class='ocr_carea' id='block_1_20' title="bbox 1386 2995 2420 3175">
    <p class='ocr_par' dir='ltr' id='par_1_22' title="bbox 1386 2995 2420 3175">
     <span class='ocr_line' id='line_1_97' title="bbox 1386 2995 2420 3063; baseline -0.008 -15"><span class='ocrx_word' id='word_1_564' title='bbox 1386 2998 1610 3047; x_wconf 70' lang='lat' dir='ltr'>Venerabili</span> <span class='ocrx_word' id='word_1_565' title='bbox 1627 3004 1801 3053; x_wconf 82' lang='lat' dir='ltr'>Fratri,</span> <span class='ocrx_word' id='word_1_566' title='bbox 1827 3000 2100 3047; x_wconf 81' lang='lat' dir='ltr'>Ferdinando,</span> <span class='ocrx_word' id='word_1_567' title='bbox 2123 2995 2420 3063; x_wconf 66' lang='lat' dir='ltr'>Arcbiepssopo</span> 
     </span>
     <span class='ocr_line' id='line_1_98' title="bbox 1522 3060 2272 3114; baseline -0.008 -11"><span class='ocrx_word' id='word_1_568' title='bbox 1522 3061 1746 3114; x_wconf 73' lang='lat' dir='ltr'>Coloniensi</span> <span class='ocrx_word' id='word_1_569' title='bbox 1759 3088 1774 3112; x_wconf 86' lang='lat'><strong>,</strong></span> <span class='ocrx_word' id='word_1_570' title='bbox 1801 3061 1915 3102; x_wconf 76' lang='lat' dir='ltr'>sacri</span> <span class='ocrx_word' id='word_1_571' title='bbox 1929 3061 2094 3100; x_wconf 81' lang='lat' dir='ltr'>Romani</span> <span class='ocrx_word' id='word_1_572' title='bbox 2109 3060 2272 3112; x_wconf 68' lang='lat' dir='ltr'>Impera</span> 
     </span>
     <span class='ocr_line' id='line_1_99' title="bbox 1695 3117 2102 3175; baseline -0.007 -13"><span class='ocrx_word' id='word_1_573' title='bbox 1695 3117 1874 3175; x_wconf 75' lang='lat' dir='ltr'>Principe·</span> <span class='ocrx_word' id='word_1_574' title='bbox 1898 3118 2102 3162; x_wconf 55' lang='lat' dir='ltr'>Eteslori.⁸</span> 
     </span>
    </p>
   </div>
   <div class='ocr_carea' id='block_1_21' title="bbox 1405 3248 2385 3307">
    <p class='ocr_par' dir='ltr' id='par_1_23' title="bbox 1405 3248 2385 3307">
     <span class='ocr_line' id='line_1_100' title="bbox 1405 3248 2385 3307; baseline -0.008 -5"><span class='ocrx_word' id='word_1_575' title='bbox 1405 3251 1941 3307; x_wconf 87' lang='lat' dir='ltr'>GREGORIUS</span> <span class='ocrx_word' id='word_1_576' title='bbox 1997 3251 2212 3302; x_wconf 89' lang='lat' dir='ltr'>PAPA</span> <span class='ocrx_word' id='word_1_577' title='bbox 2269 3248 2385 3298; x_wconf 91' lang='lat' dir='ltr'>XV.</span> 
     </span>
    </p>
   </div>
   <div class='ocr_carea' id='block_1_22' title="bbox 1409 3374 2388 3482">
    <p class='ocr_par' dir='ltr' id='par_1_24' title="bbox 1409 3374 2388 3482">
     <span class='ocr_line' id='line_1_101' title="bbox 1409 3374 2388 3434; baseline -0.009 -11"><span class='ocrx_word' id='word_1_578' title='bbox 1409 3381 1644 3426; x_wconf 77' lang='lat' dir='ltr'>Venerabilis</span> <span class='ocrx_word' id='word_1_579' title='bbox 1672 3386 1822 3427; x_wconf 85' lang='lat' dir='ltr'>Frater</span> <span class='ocrx_word' id='word_1_580' title='bbox 1851 3379 2030 3422; x_wconf 79' lang='lat' dir='ltr'>Salutem</span> <span class='ocrx_word' id='word_1_581' title='bbox 2058 3379 2106 3427; x_wconf 64' lang='grc' dir='ltr'>ἰῇ·</span> <span class='ocrx_word' id='word_1_582' title='bbox 2123 3374 2388 3434; x_wconf 75' lang='lat' dir='ltr'>Apostolicam</span> 
     </span>
     <span class='ocr_line' id='line_1_102' title="bbox 1730 3438 2068 3482; baseline -0.003 0"><span class='ocrx_word' id='word_1_583' title='bbox 1730 3438 2037 3482; x_wconf 68' lang='lat' dir='ltr'>Benediffionem</span> <span class='ocrx_word' id='word_1_584' title='bbox 2054 3465 2068 3481; x_wconf 72' lang='lat'>0</span> 
     </span>
    </p>
   </div>
   <div class='ocr_carea' id='block_1_23' title="bbox 1375 3551 2417 3728">
    <p class='ocr_par' dir='ltr' id='par_1_25' title="bbox 1375 3551 2417 3728">
     <span class='ocr_line' id='line_1_103' title="bbox 1375 3551 2417 3710; baseline -0.012 -105"><span class='ocrx_word' id='word_1_585' title='bbox 1375 3556 1661 3710; x_wconf 68' lang='lat' dir='ltr'>QJoties</span> <span class='ocrx_word' id='word_1_586' title='bbox 1677 3556 1883 3615; x_wconf 73' lang='lat' dir='ltr'>prasentia</span> <span class='ocrx_word' id='word_1_587' title='bbox 1897 3553 2126 3599; x_wconf 81' lang='lat' dir='ltr'>Germaniae</span> <span class='ocrx_word' id='word_1_588' title='bbox 2148 3551 2332 3609; x_wconf 82' lang='lat' dir='ltr'>pericula</span> <span class='ocrx_word' id='word_1_589' title='bbox 2353 3565 2417 3594; x_wconf 88' lang='lat' dir='ltr'>re-</span> 
     </span>
     <span class='ocr_line' id='line_1_104' title="bbox 1532 3610 2415 3665; baseline -0.008 -6"><span class='ocrx_word' id='word_1_590' title='bbox 1532 3617 1779 3662; x_wconf 77' lang='lat' dir='ltr'>miniscimur</span> <span class='ocrx_word' id='word_1_591' title='bbox 1791 3643 1806 3665; x_wconf 84' lang='lat'>‚</span> <span class='ocrx_word' id='word_1_592' title='bbox 1837 3615 1963 3657; x_wconf 90' lang='lat' dir='ltr'>toties</span> <span class='ocrx_word' id='word_1_593' title='bbox 1981 3615 2036 3658; x_wconf 88' lang='lat' dir='ltr'>de</span> <span class='ocrx_word' id='word_1_594' title='bbox 2050 3613 2233 3657; x_wconf 86' lang='lat' dir='ltr'>maximis</span> <span class='ocrx_word' id='word_1_595' title='bbox 2249 3610 2415 3656; x_wconf 88' lang='lat' dir='ltr'>Bavari·</span> 
     </span>
     <span class='ocr_line' id='line_1_105' title="bbox 1577 3670 2417 3728; baseline -0.011 -8"><span class='ocrx_word' id='word_1_596' title='bbox 1577 3692 1633 3720; x_wconf 89' lang='lat' dir='ltr'>cae</span> <span class='ocrx_word' id='word_1_597' title='bbox 1648 3676 1811 3719; x_wconf 87' lang='lat' dir='ltr'>virtutis</span> <span class='ocrx_word' id='word_1_598' title='bbox 1828 3673 2032 3716; x_wconf 84' lang='lat' dir='ltr'>beneficiis</span> <span class='ocrx_word' id='word_1_599' title='bbox 2046 3702 2060 3725; x_wconf 81' lang='lat'><strong>,</strong></span> <span class='ocrx_word' id='word_1_600' title='bbox 2094 3673 2280 3728; x_wconf 89' lang='lat' dir='ltr'>cogitare</span> <span class='ocrx_word' id='word_1_601' title='bbox 2294 3685 2373 3727; x_wconf 85' lang='lat' dir='ltr'>cog</span> <span class='ocrx_word' id='word_1_602' title='bbox 2383 3670 2417 3711; x_wconf 91' lang='lat' dir='ltr'>i-</span> 
     </span>
    </p>
   </div>
   <div class='ocr_carea' id='block_1_24' title="bbox 1369 3724 2411 3784">
    <p class='ocr_par' dir='ltr' id='par_1_26' title="bbox 1369 3724 2411 3784">
     <span class='ocr_line' id='line_1_106' title="bbox 1369 3724 2411 3784; baseline -0.003 -10"><span class='ocrx_word' id='word_1_603' title='bbox 1369 3747 1461 3775; x_wconf 90' lang='lat' dir='ltr'>mur</span> <span class='ocrx_word' id='word_1_604' title='bbox 1478 3763 1491 3776; x_wconf 86' lang='lat'><strong>.</strong></span> <span class='ocrx_word' id='word_1_605' title='bbox 1522 3724 1617 3779; x_wconf 80' lang='lat' dir='ltr'>Non</span> <span class='ocrx_word' id='word_1_606' title='bbox 1635 3735 1788 3778; x_wconf 86' lang='lat' dir='ltr'>oblitus</span> <span class='ocrx_word' id='word_1_607' title='bbox 1805 3732 1863 3776; x_wconf 90' lang='lat' dir='ltr'>est</span> <span class='ocrx_word' id='word_1_608' title='bbox 1876 3732 2054 3777; x_wconf 77' lang='lat' dir='ltr'>misereri</span> <span class='ocrx_word' id='word_1_609' title='bbox 2074 3735 2182 3775; x_wconf 90' lang='lat' dir='ltr'>Deus</span> <span class='ocrx_word' id='word_1_610' title='bbox 2198 3760 2212 3784; x_wconf 85' lang='lat'><strong>,</strong></span> <span class='ocrx_word' id='word_1_611' title='bbox 2227 3733 2266 3772; x_wconf 90' lang='lat'>&amp;</span> <span class='ocrx_word' id='word_1_612' title='bbox 2282 3731 2411 3775; x_wconf 85' lang='lat' dir='ltr'>haere-</span> 
     </span>
    </p>
   </div>
   <div class='ocr_carea' id='block_1_25' title="bbox 1368 3788 2414 3894">
    <p class='ocr_par' dir='ltr' id='par_1_27' title="bbox 1368 3788 2414 3894">
     <span class='ocr_line' id='line_1_107' title="bbox 1368 3788 2414 3892; baseline -0.006 -55"><span class='ocrx_word' id='word_1_613' title='bbox 1368 3791 1543 3838; x_wconf 87' lang='lat' dir='ltr'>ditatem</span> <span class='ocrx_word' id='word_1_614' title='bbox 1556 3797 1662 3839; x_wconf 88' lang='lat' dir='ltr'>suam</span> <span class='ocrx_word' id='word_1_615' title='bbox 1683 3809 1764 3839; x_wconf 87' lang='lat' dir='ltr'>non</span> <span class='ocrx_word' id='word_1_616' title='bbox 1776 3791 2000 3850; x_wconf 86' lang='lat' dir='ltr'>dereliquit</span> <span class='ocrx_word' id='word_1_617' title='bbox 2019 3820 2034 3845; x_wconf 63' lang='lat'>2</span> <span class='ocrx_word' id='word_1_618' title='bbox 2062 3805 2157 3836; x_wconf 88' lang='lat' dir='ltr'>cum</span> <span class='ocrx_word' id='word_1_619' title='bbox 2169 3788 2414 3892; x_wconf 65' lang='lat' dir='ltr'>naugagan-</span> 
     </span>
     <span class='ocr_line' id='line_1_108' title="bbox 2199 3860 2359 3894; baseline -0.019 0"><span class='ocrx_word' id='word_1_620' title='bbox 2199 3860 2232 3894; x_wconf 82' lang='lat' dir='ltr'>ti</span> <span class='ocrx_word' id='word_1_621' title='bbox 2291 3862 2359 3892; x_wconf 85' lang='lat' dir='ltr'>er·-</span> 
     </span>
    </p>
   </div>
   <div class='ocr_carea' id='block_1_26' title="bbox 2594 772 2618 1214">
    <p class='ocr_par' dir='ltr' id='par_1_28' title="bbox 2594 772 2618 1214">
     <span class='ocr_line' id='line_1_109' title="bbox 2594 772 2618 1214; baseline 0 2894"><span class='ocrx_word' id='word_1_622' title='bbox 2594 772 2618 1214; x_wconf 95' lang='lat' dir='ltr'> </span> 
     </span>
    </p>
   </div>
  </div>
 </body>
</html>
