2618 4108
984 240 1541 358 Aprutium

214 367 332 417 prout
349 358 387 402 in
408 354 577 415 publicis
594 358 764 413 desuper
780 355 970 400 confectis
986 358 1229 398 Instrumen-

212 420 260 461 tjs
290 419 406 459 latius
429 418 580 458 dicitur
603 417 826 459 contineri.
855 418 997 470 Qare
1022 423 1105 456 tam
1132 416 1230 456 Uni-

212 477 374 517 verfitas
386 477 426 516 δι
441 476 630 517 Homines
644 503 660 527 ,
688 477 807 531 quam
823 470 1021 515 Abbatissa
1032 499 1048 523 ‚
1071 474 1110 512 δι
1123 474 1230 515 Con.

210 545 353 576 ventus
377 530 529 588 praefati
557 531 770 574 afferentes
796 531 1028 577 dationem,
1063 530 1228 585 affigna-

211 592 362 634 tionem
377 618 392 642 ,
421 604 466 632 ac
480 589 694 635 ceffionem
709 588 907 644 praedistas
927 591 966 628 in
983 587 1220 631 evidentem

205 649 300 690 disti
318 648 545 691 Monasterii
560 649 775 700 utilitatem
792 644 940 693 ‚ceffiffe
955 674 967 696 ‚
998 647 1037 686 δι
1050 646 1217 697 cedere,

206 709 336 749 Nobis
362 705 569 748 humiliter
593 703 804 760 supplicari
834 701 1016 745 fecerunt
1032 732 1046 754 ,
1076 714 1219 759 quate·

205 778 279 806 nus
292 766 351 806 eis
374 766 492 819 super
513 763 573 805 his
586 761 810 818 opportune
832 760 1049 816 providere
1069 763 1121 803 de
1148 762 1219 804 be-

207 823 403 879 nignitate
420 823 452 863 A
459 821 648 876 postolica
668 819 932 873 dignaremur
945 849 957 860 .

226 910 233 914 -
266 884 352 922 Nos
373 881 478 932 igtur
489 879 542 920 de
557 876 755 933 praemiffis
780 887 937 931 certam
949 877 1130 919 not-itiam
1145 890 1222 919 non

208 939 438 987 habentes,
466 949 511 978 ac
526 937 727 979 territorii
743 964 757 986 ‚
784 937 823 977 &
839 936 936 991 petii
963 947 1078 978 terrae
1093 933 1226 991 hujus·
1268 959 1270 961 -

206 995 317 1038 modi
343 994 575 1037 situationes
590 1022 604 1045 ,
633 995 670 1035 &
685 991 863 1036 confines
879 993 1133 1048 praesentibus
1148 1006 1224 1045 pro

208 1052 394 1109 expreffi's
416 1052 550 1094 haberi
566 1052 749 1094 volentes
763 1080 779 1104 ‚
801 1050 1019 1107 hujusmodi
1032 1049 1227 1106 supplica-

207 1113 382 1154 tionibus
396 1110 604 1159 inclinati,
621 1110 862 1151 Discret-ioni
878 1109 1024 1150 Vestra:
1036 1123 1112 1163 per
1128 1121 1227 1162 prae—

207 1169 339 1212 sentes
366 1169 656 1212 committimus
681 1170 722 1209 δε
742 1167 998 1212 mandamus,
1028 1176 1224 1220 quatenus

212 1226 422 1270 territorio
438 1253 454 1276 ,
480 1226 523 1266 &
542 1226 656 1280 petio
683 1234 801 1266 terrae
830 1223 1050 1278 hujusmodi
1067 1250 1080 1272 ,
1113 1223 1223 1278 prius

207 1297 348 1327 coram
361 1282 487 1326 Vobis
501 1281 730 1336 specificans
744 1308 759 1331 ‚
786 1282 826 1322 δε
840 1285 990 1322 vocatis
1010 1281 1058 1323 ad
1072 1282 1110 1322 id
1125 1309 1140 1331 ‚
1155 1281 1222 1336 qui

208 1342 358 1386 fuerint
373 1338 573 1390 vocandi,
602 1340 655 1381 de
673 1338 868 1394 praemiffis
889 1339 1072 1381 omnibus
1091 1341 1132 1380 &
1147 1339 1223 1393 Γιη-Α

207 1400 311 1455 gulis
328 1400 410 1440 Vos
423 1396 641 1451 diligenter
665 1394 886 1439 informetis
899 1424 913 1448 ,
944 1399 983 1438 &
995 1425 1010 1448 ,
1033 1398 1057 1438 fi
1073 1411 1146 1452 per
1159 1396 1222 1440 in-

206 1456 491 1501 formationem
503 1455 673 1498 eandem
685 1483 704 1506 ‚
734 1456 860 1497 Vobis
875 1455 1118 1511 conjunctim
1133 1469 1224 1510 pro·

207 1514 439 1558 cedentibus
455 1542 470 1564 ‚
500 1513 680 1568 legitime
694 1513 915 1556 constiterit
930 1541 946 1565 ,
961 1514 1223 1567 permutatio-

207 1588 300 1617 nem
322 1587 368 1616 ac
379 1571 592 1616 ceffionem
610 1570 808 1626 praedictas
831 1572 872 1615 in
894 1571 1131 1615 evidentem
1156 1572 1221 1613 di-

206 1633 258 1674 eti
286 1631 512 1674 Monasterii
540 1630 761 1672 utilitatem
785 1629 934 1673 cedere
951 1657 967 1680 ,
995 1628 1111 1684 super
1137 1643 1222 1685 quo

145 1726 147 1730 .
208 1687 673 1733 vestramconscientiam
698 1701 937 1735 oneramus,
967 1688 1057 1730 illas
1072 1689 1218 1730 autho-

206 1750 328 1790 ritate
361 1746 489 1788 nostra
517 1744 790 1797 confirmetis,
816 1747 853 1787 &
881 1746 1140 1807 approbetis,
1168 1759 1216 1787 ac

207 1819 347 1848 omnes
375 1806 416 1846 δε
441 1803 608 1859 [iugulos
631 1814 712 1846 tam
739 1804 836 1859 juris
852 1833 868 1855 ‚
898 1806 1015 1861 quim
1032 1803 1119 1847 faeti
1145 1804 1218 1846 de·

206 1863 364 1913 secans,
392 1861 417 1903 fi
443 1863 511 1916 qui
536 1862 856 1910 intervenerint,
884 1863 925 1903 in
953 1858 1102 1904 eisdem
1132 1861 1219 1916 sup-

206 1921 354 1978 pleatis
370 1947 385 1970 ,
415 1928 635 1974 ceteraque
646 1919 723 1959 alia
739 1919 778 1960 in
791 1918 988 1973 praemiffis
1002 1918 1218 1963 necessaria

206 1981 248 2020 ὅτ.
268 1984 494 2033 opportuna
519 1974 669 2018 faciatis
698 2004 712 2026 ‚
741 1978 782 2017 &
804 1977 1051 2032 exequamini
1077 2005 1088 2018 .
1119 1982 1214 2020 Non

206 2035 451 2079 obstantibus
473 2032 542 2076 sel.
560 2047 643 2076 rec.
666 2034 780 2082 Pauli
797 2035 908 2090 Papae
922 2036 976 2078 11.
992 2033 1219 2079 Praedeces-

206 2093 302 2136 soris
325 2093 444 2135 nostri
470 2091 523 2133 de
539 2094 657 2134 rebus
671 2092 857 2136 Ecclefiae
879 2107 956 2135 non
969 2093 1191 2137 alienandis
1203 2118 1222 2141 2

207 2152 372 2206 aliisque
394 2149 794 2202 constitutionibus„
822 2153 863 2192 &
891 2152 1223 2194 Ordinationibus

210 2207 476 2264 Apostolicis‚
505 2220 553 2248 ac
579 2207 776 2251 dierorum
801 2209 1060 2261 Monasterii,
1088 2211 1222 2251 &Or-

211 2267 352 2309 dinum
364 2264 515 2307 statutis
526 2291 541 2316 ,
554 2265 675 2307 etiam
687 2263 932 2320 juramento,
945 2264 1222 2309 confirmatio·

214 2338 270 2367 ne
289 2321 516 2378 Apostolica
530 2348 547 2372 ,
575 2321 641 2364 vel
657 2323 796 2376 quavis
808 2321 998 2366 firmitate
1011 2324 1087 2366 alia
1105 2325 1228 2368 robo-

214 2383 313 2425 ratis
329 2380 483 2423 statutis
496 2408 512 2430 ‚
524 2380 743 2435 privilegiis
764 2393 924 2437 quoque
939 2409 955 2431 ,
967 2381 1128 2425 indultis
1143 2409 1158 2431 ‚
1187 2385 1228 2424 &

221 2441 369 2484 litteris
393 2437 631 2492 Apostolicis
663 2437 734 2480 sub
752 2438 1050 2494 quibuscunque
1070 2442 1228 2483 tenori-

217 2499 293 2540 bus
316 2499 354 2538 &
369 2493 535 2549 formis,
563 2510 606 2545 ac
619 2510 712 2538 cum
725 2495 925 2552 quibusvis
951 2495 1161 2550 clausulis,
1188 2501 1230 2541 ὅτ.

218 2556 406 2600 Decretis
427 2555 468 2596 in
493 2555 738 2597 contrarium
762 2553 890 2598 forsan
920 2556 1228 2612 quomodolibet

219 2613 436 2667 conceffis,
466 2613 610 2668 quibus
634 2611 816 2658 omnibus
845 2643 863 2665 ‚
891 2615 1043 2658 etiamsi
1072 2616 1126 2660 de
1151 2615 1236 2658 illis

999 2732 1220 2797 ΝΟ

1289 360 1467 413 specialis
1482 387 1496 409 ‚
1527 357 1707 414 specifica
1728 358 1961 415 &expressa
1982 358 2134 400 mentio
2149 360 2305 414 haben2

1289 418 1338 458 da
1356 416 1462 458 foret
1479 448 1492 468 ,
1518 418 1598 458 illis
1612 418 1709 460 alitis
1735 420 1774 459 in
1789 417 1857 460 suo
1872 419 2019 459 rebore
2036 417 2302 470 permansuris

1289 474 1363 516 haic
1379 474 1466 516 vice
1481 474 1672 517 duntaxat
1688 505 1701 527 ,
1717 475 1944 530 specialiter
1960 476 2220 528 derogamus,
2237 489 2302 517 ce-

1287 530 1458 587 terisque
1473 533 1680 574 contrariis
1705 535 2020 589 quibuscumque
2033 559 2048 572 .

1340 593 1491 630 Datum
1508 592 1643 629 Romae
1669 591 1773 644 apud
1805 595 1843 633 S.
1860 593 2024 632 Petrum
2051 590 2121 631 sub
2138 590 2302 633 Annulo

1282 646 1493 688 piscatoris
1520 645 1586 687 die
1601 659 1646 686 νι
1662 661 1692 688 ι.
1710 648 1805 702 Maij
1824 662 2011 691 mntxxx.
2035 647 2297 691 Pontificatus

1280 704 1415 747 Nostri
1431 715 1535 743 anno
1548 705 1690 745 ostavo
1703 734 1716 746 .

1765 762 2037 817 Hieronymus
2059 764 2157 805 Ruis
2176 791 2189 802 .

1341 881 1464 920 Breve
1478 873 1704 933 formatum
1728 878 1772 917 in
1801 877 1971 918 Archivo
2003 877 2210 919 Provincia·
2225 903 2240 926 ,
2261 878 2306 919 dc

1401 946 1475 988 quo
1489 934 1649 986 exempl.
1664 933 1774 981 auth.
1809 934 1851 976 in
1866 934 2036 976 Archivo
2051 934 2145 976 Ord.
2162 939 2307 984 Arma,

1399 996 1461 1032 rs'o
1467 989 1659 1045 praediHo
1673 1017 1684 1030 .

1557 1223 1592 1264 E
1622 1222 1655 1264 Ρ
1684 1224 1705 1264 1
1735 1225 1763 1266 S
1795 1224 1832 1266 T
1863 1225 1902 1265 Ο
1931 1225 1966 1266 L
1995 1225 2035 1266 A

1433 1337 1481 1388 S.
1504 1339 1704 1409 Congreg.
1741 1339 1876 1407 Epefi.
1903 1341 1958 1402 <J
1992 1341 2149 1409 Regul.

1281 1471 1472 1518 Novam
1493 1472 1698 1518 Domum
1728 1469 1774 1517 in
1803 1470 1906 1518 loco
1930 1470 2126 1537 Ophaeni
2157 1471 2306 1541 erigi,·

1343 1537 1398 1588 ὅ(
1428 1539 1563 1586 aliam
1598 1540 1642 1586 in
1663 1539 1904 1587 Provincia
1934 1536 2187 1606 supprimi,
2224 1545 2307 1593 Pa-

1349 1611 1408 1656 tri
1424 1605 1635 1656 Ministro
1651 1607 1867 1668 Gener-ali
1901 1610 2205 1660 committitur
2221 1647 2235 1660 .

1282 1743 1581 1855 lLlullriffimi
1596 1743 1763 1788 Domini
1778 1745 1858 1788 mei
1874 1758 1924 1787 ex
1936 1745 2044 1803 justis
2060 1749 2180 1792 caufis
2194 1779 2208 1802 ‚
2221 1749 2310 1802 ani-3

1370 1816 1475 1844 mum
1492 1816 1634 1846 eorum
1650 1803 1900 1847 moventibus
1915 1831 1930 1854 ‚
1967 1809 2200 1854 paternitati
2227 1812 2310 1852 Ve-1

1282 1863 1363 1903 flrae
1381 1863 1419 1902 &
1438 1861 1664 1917 Religionis
1678 1861 1960 1915 Superioribus
1980 1865 2219 1909 facultatem
2233 1867 2311 1910 im-‘

1279 1921 1507 1975 pertiunrur
1528 1917 1714 1974 erigendi
1740 1922 2001 1964 Conventum
2030 1925 2213 1968 Fratrum
2236 1927 2310 1968 hu-

1279 1978 1340 2034 jus
1356 1977 1521 2019 Ordinis
1537 1980 1575 2019 in
1593 1980 1721 2026 Terra
1743 1979 1908 2032 Ophaeni
1927 2009 1942 2030 ,
1973 1979 2040 2022 sub
2070 1983 2143 2026 hac
2170 1995 2308 2026 tamen

1282 2035 1545 2087 conditione,
1573 2038 1611 2077 &
1637 2050 1714 2076 non
1733 2036 1829 2076 alias
1845 2064 1861 2087 ,
1889 2047 1932 2079 ut
1945 2038 1994 2080 ad
2009 2039 2138 2084 minus
2150 2041 2307 2084 duode-

1282 2095 1361 2136 cim
1379 2096 1543 2136 Fratres
1570 2094 1622 2135 ibi
1638 2094 1816 2148 degant,
1847 2096 1888 2136 &
1905 2097 1969 2138 vel
2001 2097 2043 2139 in
2060 2098 2166 2151 ina,
2189 2100 2251 2143 vel
2265 2102 2309 2144 in

1282 2153 1358 2196 alia
1380 2153 1511 2193 vicina
1541 2153 1754 2200 Provincia
1780 2165 1882 2194 unus
1904 2163 1971 2196 aut
1995 2155 2101 2200 alter
2114 2161 2308 2202 Conven-

1282 2220 1345 2252 tus
1363 2210 1500 2252 saltem
1526 2223 1670 2251 eorum
1686 2237 1701 2260 ,
1730 2210 1771 2250 in
1798 2211 1942 2264 quibus
1965 2214 2132 2257 minoris
2149 2218 2306 2263 numeri

1283 2266 1431 2313 familia
1460 2268 1686 2321 reperitur,
1717 2265 2014 2321 supprimatur=
2045 2272 2219 2328 ideoque
2233 2289 2307 2316 ne-

1283 2323 1444 2368 ceffaria
1470 2325 1643 2381 desuper
1681 2325 1862 2380 disponat
1886 2354 1900 2366 -
1942 2329 2084 2370 Romae
2115 2342 2180 2378 15.
2204 2332 2305 2388 Maii

1294 2395 1419 2440 1599.

1346 2504 1406 2544 Ex
1435 2502 1528 2555 ch.
1554 2500 1637 2539 sac.
1654 2498 1968 2554 Congregatt'onis
1991 2501 2123 2558 mensis
2146 2503 2195 2551 δ’
2208 2505 2305 2547 anni

1396 2557 1610 2614 praed-sol.
1627 2568 1697 2604 50.

1309 2732 1537 2797 TA.

276 2875 413 2919 'Abuca
433 2880 503 2927 jam
527 2879 663 2923 σαρκὶ,
689 2878 815 2926 prodiit
831 2879 1018 2916 Decretum
1031 2904 1042 2920 ,
1065 2890 1138 2927 quo
1162 2891 1260 2916 nova
1285 2880 1360 2917 loca
1375 2890 1434 2927 per
1453 2879 1588 2916 ltaliam
1611 2880 1763 2926 recipere
1778 2879 2039 2927 prohibebamur
2052 2905 2066 2926 ,
2089 2883 2125 2920 δε
2141 2885 2217 2923 inde
2239 2891 2303 2924 cx:

311 2938 424 2965 ortum
447 2928 612 2972 dubium,
627 2938 684 2963 -an
694 2925 968 2974 diftajnhib‘itio
980 2929 1205 2964 Conventum
1227 2928 1300 2976 jam
1322 2929 1495 2976 inceptum
1518 2929 1821 2975 comprehenderet
1835 2931 1850 2962 ἓ
1874 2931 1970 2977 quod
1999 2929 2063 2966 fuit
2087 2932 2236 2971 solutum
2259 2934 2307 2972 se-

223 2977 341 3024 quenti
358 2978 510 3012 Deci-eto
521 3000 534 3012 .

320 3025 432 3062 Sacra
444 3023 671 3071 Congregatio
693 3022 824 3070 censitis
836 3027 904 3059 nim
917 3021 1042 3072 obstare
1055 3023 1255 3061 ‘Decretum
1276 3047 1290 3068 ,
1309 3031 1372 3072 per
1394 3023 1488 3072 quod
1508 3023 1699 3071 capacem
1708 3024 1876 3072 prohibiti
1879 3026 2030 3073 fuerunt
2047 3031 2202 3077 recipere
2215 3041 2306 3066 nova

223 3073 295 3110 loca
315 3079 378 3118 per
387 3069 546 3116 ltaliam,
568 3073 653 3119 quin
683 3070 805 3118 lpfimet
816 3069 956 3108 Fratres
977 3069 1097 3118 poffint
1116 3080 1328 3120 permanere
1356 3073 1396 3108 a'n
1411 3073 1593 3110 Conventa
1611 3072 1683 3121 jam
1710 3074 1861 3119 incepto,
1887 3074 1930 3114 (ἔγ
1952 3074 2023 3110 illis
2034 3075 2171 3126 conceffi³
2195 3088 2307 3115 anto

227 3119 416 3168 bujufinodi
427 3119 610 3156 Decretum
633 3120 673 3155 in
688 3118 799 3156 Terra
823 3118 968 3166 Ophaem‘
990 3119 1096 3156 Dioec.
1115 3118 1260 3157 Sulmon
1270 3131 1327 3156 en.
1351 3119 1394 3162 ὁ·
1412 3127 1476 3168 pro
1501 3130 1565 3167 quo
1591 3118 1804 3168 construendo
1817 3119 1894 3167 fuit
1917 3122 2052 3160 obtenta
2072 3123 2235 3162 licentia.
2260 3125 2308 3162 Er

251 3167 339 3204 uoad
353 3165 520 3215 Ecclesiam
533 3168 574 3203 S.
588 3167 712 3204 Μανία
735 3167 778 3203 de
788 3164 984 3216 Jantuu’o,
1005 3166 1092 3202 aliar
1112 3168 1223 3204 eidem
1239 3167 1445 3205 Conventm‘
1468 3168 1624 3210 unitam,
1648 3169 1686 3202 in
1709 3166 1821 3202 eadem
1849 3167 2118 3216 congregatione
2133 3174 2208 3221 fuit
2221 3173 2308 3222 reso-

245 3225 342 3252 utum
353 3236 368 3258 ,
379 3213 471 3249 illam
484 3214 645 3259 concedi,
667 3226 708 3251 ac
722 3213 863 3252 liberam
875 3214 1027 3263 relinqui
1042 3215 1161 3253 debere
1176 3216 1250 3264 Gap
1257 3216 1369 3254 acinis
1383 3238 1396 3261 ,
1418 3217 1474 3253 ita
1489 3224 1530 3253 ut
1551 3225 1644 3252 nemo
1656 3215 1691 3251 a'n
1704 3214 1789 3262 ease
1804 3214 1946 3263 amplius
1965 3217 2195 3258 intromittere
2201 3221 2306 3272 peffe-

233 3265 303 3302 Die
317 3275 352 3311 5.
364 3263 451 3299 Dec.
468 3263 570 3297 1601.

329 3358 383 3397 Ex
392 3357 502 3396 eodem
518 3357 656 3408 Regesto
672 3358 918 3409 annipraedt'ffi
930 3358 996 3409 fol.
1013 3361 1088 3397 108.

2123 3813 2253 3867 Lega:
