2762 4036
343 266 620 351 tarunt
653 323 676 355 ,
735 257 972 374 quam
1016 249 1154 339 illae
1193 250 1358 372 ipſse
1389 323 1411 353 ,
1471 278 1804 368 quarum
1828 254 2282 339 enuntiatus
2316 249 2467 343 To-

344 411 512 467 mus
562 374 992 492 Apostolica
1049 373 1568 490 compleHitur
1611 375 2165 457 Documenta.

456 498 596 584 Hae
630 496 968 580 Statuas
1005 515 1190 577 tuas
1216 493 1527 581 Habitu
1554 487 1939 605 Capucino
1977 489 2235 589 indui,
2273 497 2464 577 ima-

326 620 552 731 gines
596 611 849 697 eodem
899 610 1250 727 depingi,
1314 608 1551 698 ferta
1592 632 1738 693 tufa
1756 606 2210 721 solemniore
2250 611 2463 696 devo-

339 739 535 831 tione
587 730 1003 827 celebrari,
1065 730 1155 817 85³
1208 725 1696 840 ‘Proccffiones
1727 725 2083 842 publicas
2115 725 2278 841 fitb
2328 752 2461 813 tuo

340 849 682 958 Nomine
706 916 729 951 ,
791 850 880 938 85⁷
938 845 1239 936 Vexata
1293 849 1644 947 institui,
1707 850 2006 930 vocatis
2031 915 2051 944 ‚
2109 852 2246 960 qui
2288 875 2462 932 con-

338 965 781 1065 tradixere‘,
844 967 959 1052 ad
989 969 1316 1056 Sacram
1349 968 1793 1058 Romanam
1837 961 2328 1061 Themidem,
2376 994 2458 1048 eo

335 1084 594 1170 valore
651 1090 1042 1172 evicerunt
1077 1153 1099 1187 ‚
1163 1106 1252 1171 ut
1292 1155 1313 1184 ,
1374 1092 1511 1201 qui
1564 1087 1642 1166 in
1690 1081 2264 1198 Reformatione
2310 1079 2460 1166 Ca·-

324 1208 621 1320 pucina
678 1233 828 1289 non
882 1203 1150 1288 vixifii
1180 1269 1202 1301 ,
1264 1203 1701 1320 Capucinus
1734 1198 1916 1316 jam
1952 1201 2222 1315 paffim
2267 1227 2458 1283 com-

323 1341 619 1436 pareas
650 1389 671 1418 ,
732 1319 955 1405 haud
997 1319 1268 1418 aliter,
1331 1349 1428 1407 ac
1473 1327 1552 1406 in
1601 1318 1860 1430 abside
1902 1324 2168 1435 prima
2222 1318 2460 1404 ‘Urbis

338 1467 435 1522 ac
479 1438 713 1526 Orbis
763 1435 1304 1547 Lateranenfis
1346 1435 1684 1552 Bafilicae
1708 1507 1729 1534 ,
1791 1467 1927 1522 nec
1965 1465 2115 1520 non
2162 1440 2239 1519 in
2286 1433 2459 1519 Tri-

337 1556 549 1640 bund
577 1626 595 1654 ‚
618 1552 767 1667 seu
804 1553 1111 1640 Chorali
1126 1553 1431 1668 fornice
1471 1553 1810 1666 Bastlicae
1852 1555 2265 1641 Liberiana
2299 1555 2454 1642 &a

338 1672 660 1787 Wustvo
717 1671 975 1758 labore
1028 1671 1408 1787 expreffus
1464 1672 1745 1759 videris
1795 1669 2255 1787 Capucinus.

457 1792 629 1877 Hoc
678 1814 939 1877 tamen
983 1795 1100 1875 tui
1147 1789 1403 1875 cultas
1428 1788 1780 1902 studium
1827 1790 1941 1875 ad
1983 1813 2454 1875 memoratas

341 1910 796 1996 Provincias
857 1937 1007 1994 non
1065 1913 1180 1993 ita
1233 1907 1726 2026 restringitur
1762 1973 1784 2007 ,
1846 1913 2032 2023 quin
2092 1909 2180 1995 δέ
2239 1932 2452 1992 totus

340 2027 549 2116 Ordo
587 2032 669 2111 in
716 2024 837 2111 illo
860 2023 1029 2142 fiese
1063 2025 1427 2111 exhibeat
1466 2024 1934 2142 zelotypum.
1985 2026 2136 2111 Hic
2165 2024 2451 2142 populo

340 2171 485 2233 tua
524 2144 781 2261 gloria
827 2141 1154 2259 recenset
1213 2149 1485 2247 merita
1510 2217 1532 2244 ‚
1598 2152 1871 2251 miram
1917 2147 2034 2230 tui
2075 2142 2453 2259 Antipho-

339 2268 544 2350 narii
581 2269 949 2351 virtutem
994 2264 1522 2366 commendat,
1568 2264 1854 2347 Domos
1881 2330 1902 2363 ,
1945 2265 2033 2351 δέ
2069 2272 2282 2348 Aras
2323 2290 2452 2345 no-

343 2385 527 2466 mini
587 2405 718 2469 tuo
767 2379 1151 2495 conficrat
1190 2448 1213 2485 ,
1277 2384 1562 2468 Sacras
1615 2406 1800 2466 tuas
1855 2380 2256 2495 Reliquias
2304 2381 2452 2495 pid

341 2503 703 2585 memoria
733 2496 1167 2614 conservat,
1196 2499 1554 2617 prodigia
1579 2502 2068 2615 gratiarum,
2117 2497 2284 2583 Tuo
2304 2519 2453 2614 pa-

340 2621 653 2702 trocinio
700 2618 1229 2718 obtentarum,
1277 2619 1366 2705 δέ
1410 2642 1703 2703 natura
1745 2621 1902 2702 vim
1945 2646 2040 2703 ae
2082 2616 2449 2704 Ordinem

338 2733 862 2821 excedentium
906 2743 986 2821 in
1038 2735 1285 2821 Libris
1328 2735 1755 2823 Annalium
1804 2760 2183 2832 annotat,
2247 2757 2454 2818 tute-

340 2851 420 2938 lae
468 2875 612 2937 tua
630 2851 800 2966 sest?
841 2859 1314 2940 continenter
1352 2853 1668 2942 devovet
1694 2924 1716 2953 ,
1755 2850 1846 2942 Εἴ
1875 2922 1896 2950 ,
1936 2851 2307 2969 quidquid
2338 2856 2455 2936 tui

321 2967 542 3082 sacri
583 2972 990 3073 Nominis,
1050 2969 1183 3058 vel
1220 2968 1477 3057 cultus
1518 2975 1607 3063 δέ’
1642 2971 1902 3089 gloria
1948 2969 2054 3084 est
2091 3037 2114 3072 ,
2181 2967 2463 3083 incensi

342 3086 489 3169 zeli
538 3088 770 3203 officio
797 3158 817 3188 ,
848 3086 1704 3207 splendidiorffquesuae
1734 3092 2242 3208 paupertatis
2283 3115 2452 3171 con-

346 3199 609 3314 cursu,
666 3207 941 3322 ubique
972 3230 1414 3325 promovet.

469 3324 894 3437 Acceptum
922 3356 1220 3443 quoque
1265 3327 1316 3414 a
1367 3325 1482 3413 Te
1527 3327 1797 3414 haberi
1842 3325 1980 3412 hoc
2030 3324 2454 3411 devotionis

352 3431 780 3565 obsequium
807 3511 829 3539 ,
876 3445 1145 3532 docent
1179 3516 1202 3545 ,
1254 3475 1415 3562 qua
1461 3451 1733 3563 recipit
1775 3446 1825 3532 a
1879 3443 1993 3530 Te
2038 3441 2245 3531 Ordo
2283 3465 2451 3527 tum

339 3554 643 3665 prose,
703 3566 1067 3647 continua
1113 3563 1609 3654 Protec‘lionis
1653 3562 1999 3683 praefidia
2024 3627 2047 3664 ‚
2110 3587 2304 3762 tuml
2308 3579 2452 3674 pro

2221 3707 2269 3765 a
2304 3707 2395 3759 ns
