2664 4114
1030 189 1544 280 Lucaniae(
2174 208 2276 316 37

413 303 455 345 D
514 307 549 349 Ε
608 309 646 351 C
704 309 747 351 R
785 300 850 352 ,Ε’-
899 304 936 347 T
994 306 1046 347 O.

358 430 406 480 S.
435 428 636 502 Congreg.
660 424 828 495 Epis‘c0,
858 429 911 473 t&
941 423 1120 496 Regul.·

209 578 351 626 Nova
396 551 638 621 methodus
676 560 904 615 Gubernii
939 565 1238 619 Provincialis

280 642 559 715 approbatur
591 636 683 688 διο.

328 789 365 830 U
380 785 421 826 M
452 782 596 824 Frater
614 775 912 820 Maximilianus
944 775 967 819 ὶ
991 775 1235 831 Wanghena

341 857 415 902 per
429 850 643 892 utramque
662 835 843 878 Siciliam
860 832 1160 877 commissarius
1173 863 1187 885 ,
1199 835 1239 874 &

205 906 402 947 visitator
420 896 637 941 Generalis
662 894 919 937 Provinciam
938 894 1120 937 Lucaniae
1149 891 1237 935 vifi-

201 971 311 1008 taret
336 990 352 1014 ,
384 954 504 1016 jussus
528 954 584 996 est
615 958 798 996 Decreto
835 956 878 995 S.
896 951 1236 1008 Congregationis

204 1024 209 1026 ’
233 1020 394 1066 r'aediuae
408 1017 476 1059 sub
509 1025 569 1063 15.
594 1012 748 1070 Aprilis
779 1023 895 1066 1734.
930 1022 1147 1062 emanato,
1176 1010 1233 1051 ei·

200 1081 298 1124 dem
318 1083 359 1124 S.
373 1071 699 1135 congregationi
716 1082 949 1125 proponere
970 1070 1149 1111 medium
1167 1066 1233 1122 ipsi

200 1141 311 1193 bene
343 1133 469 1180 visum
493 1147 569 1189 pro
595 1128 810 1172 formando
839 1127 1010 1170 meliore.
1027 1126 1233 1170 Gubernii

199 1195 467 1247 Provincialis
496 1191 737 1247 systemate,
763 1187 829 1241 qui
857 1186 987 1228 menti
1014 1216 1030 1237 ,
1054 1188 1092 1228 &
1121 1184 1234 1227 sacro

198 1248 400 1303 Mandato
409 1245 898 1305 obtemperans,absoluta
910 1244 988 1301 jam
1005 1245 1235 1288 vifitatione

197 1313 456 1364 Provincia,
482 1306 710 1362 auditisque
737 1305 775 1347 in
803 1317 936 1351 voce,
961 1305 1057 1347 &in
1074 1303 1233 1359 scriptis

197 1373 388 1418 omnibus
407 1399 420 1422 ,
439 1371 488 1414 ’ὃς
505 1366 668 1427 singulis
681 1393 698 1418 ‚
723 1374 807 1406 tam
824 1363 1099 1415 salernitani,
1112 1365 1232 1418 quam

196 1430 440 1477 Matercnfis
492 1422 740 1471 Praefidiatfis
780 1422 967 1466 Patribus
1008 1423 1231 1465 Provinciae

194 1489 484 1544 aftualibusfl&
501 1484 770 1530 habitualibus
782 1510 796 1533 ‚
812 1480 1170 1537 consideratisque,
1184 1493 1230 1521 ao

194 1544 356 1598 mature
379 1548 577 1605 perpensis
591 1544 777 1587 omnibus
801 1540 960 1597 dejure
975 1569 989 1590 ,
1014 1542 1054 1581 &
1072 1541 1230 1581 ratione

194 1606 497 1661 considerandis
512 1632 525 1654 a
539 1608 578 1646 δι
593 1599 891 1661 perpendendis
905 1625 920 1647 s
936 1598 1062 1642 solum
1083 1601 1229 1664 Deum,

193 1667 428 1724 Religionis
473 1666 671 1707 decorem
697 1688 712 1709 a
752 1671 969 1701 commune
1008 1662 1231 1701 Provincia>

194 1725 350 1771 bonum
367 1753 382 1777 ,
407 1723 598 1780 suamque
625 1719 943 1768 conscientiam,
968 1729 1014 1758 ac
1043 1715 1227 1779 Religio-

193 1785 342 1834 sorumx
359 1784 425 1825 fibi
451 1782 700 1827 subditorum
717 1777 885 1819 satlutem
902 1788 980 1829 prae
1002 1773 1132 1815 oculis
1147 1773 1225 1837 ’ha-

193 1841 363 1893 bens‚ad
379 1853 517 1896 pacem
536 1835 782 1892 Religiosiim
799 1832 1031 1874 firmandam
1049 1830 1228 1872 medium

190 1902 382 1948 idoneum
397 1926 411 1949 ‚
439 1899 522 1940 imo
539 1895 688 1945 solum,
715 1895 753 1933 &
780 1892 939 1933 unicum
956 1889 1195 1932 existimavit
1211 1916 1226 1939 ‚

193 1961 240 2002 ut
257 1959 362 2006 sacer
377 1952 589 1999 Confessus
615 1951 821 2007 sequentia
841 1950 984 2004 punita
1010 1947 1226 1990 auetorita-

192 2029 237 2061 te
254 2016 318 2060 sua
334 2013 547 2058 confirmet
561 2040 576 2062 a
604 2025 648 2055 ac
665 2008 960 2053 inviolabiliter
977 2005 1226 2050 observanda

193 2076 428 2183 ἀεῖῗΐὲἲῑζι
442 2131 492 2174 ad
509 2127 696 2178 tenorem
712 2128 858 2184 regulae
884 2127 1018 2170 n‘ostrae
1035 2125 1226 2182 Seraphi-

195 2208 249 2238 cae
267 2222 281 2245 ,
295 2194 335 2235 in
353 2191 745 2236 Constitutionibus,
764 2187 1133 2230 &ordinationibus
1154 2199 1227 2241 ge-

193 2251 404 2295 neralibus
421 2250 589 2292 Ordinis
604 2248 759 2304 optime
775 2243 979 2302 provisum
992 2274 1007 2296 ‚
1029 2245 1119 2285 &in
1137 2254 1226 2285 tota

191 2309 420 2365 Religione
446 2319 647 2363 perpetuo
663 2308 738 2349 'usu
754 2334 768 2356 ,
792 2302 1145 2346 &consuetudine
1161 2315 1224 2343 re-

192 2379 359 2426 ceptum
377 2367 419 2411 fit
432 2392 446 2415 a
473 2365 720 2423 ut‘quaelibet
739 2363 950 2407 Provincia
966 2392 980 2413 ,
998 2361 1107 2404 salva
1124 2360 1226 2403 reali

193 2431 379 2480 unitate,
407 2427 447 2466 ὅτ.
467 2426 614 2481 absque
640 2424 752 2472 ulla,
780 2422 858 2464 five
887 2419 1116 2468 materiali,
1144 2419 1222 2460 five

191 2485 357 2529 formali
373 2483 567 2526 divisione
585 2485 621 2525 in
640 2482 774 2537 plures
791 2478 1222 2532 custodias-distingua-

191 2556 263 2594 tur
278 2574 292 2597 ‚
314 2557 484 2601 quarum
513 2542 680 2584 cuilibet
710 2542 747 2582 in
764 2539 938 2582 comitiis
960 2537 1223 2580 Provinciali-

192 2606 268 2653 bus
283 2604 335 2645 de
348 2602 500 2644 idoneo
516 2601 695 2643 Custode
712 2599 916 2654 provideri
932 2596 1035 2638 solet
1049 2621 1064 2643 ‚
1094 2595 1163 2650 qui
1180 2595 1222 2635 in

194 2663 290 2710 loco
304 2661 372 2702 suo
388 2659 612 2702 Cusiodiali
639 2658 900 2700 residentiam
916 2654 1094 2704 faciens,
1118 2656 1157 2695 ὅτ,
1181 2654 1221 2694 in

191 2723 356 2764 Fratres
394 2717 467 2759 suae
487 2718 687 2760 Custodiae
713 2716 956 2757 ordinariam
984 2712 1221 2769 jurisdictio·-

190 2793 289 2823 nem
305 2790 501 2819 exercens
518 2804 531 2825 ‚
550 2775 746 2832 majorem
775 2774 839 2816 vel
858 2774 1054 2815 minorem
1071 2802 1083 2820 ,
1104 2780 1222 2826 prout

190 2839 279 2880 usus
304 2835 609 2878 provinciarum
638 2833 763 2882 tulit,
791 2831 856 2873 vel
888 2833 908 2871 a
925 2831 1112 2872 Ministris
1127 2830 1226 2868 Pro·-

189 2895 438 2942 vincialibus
457 2893 667 2948 ampliari,
692 2902 760 2931 aut
790 2889 972 2943 restringi
989 2885 1224 2932 consuevit,

191 2955 296 2996 iniis
313 2955 464 3001 casibus
481 2953 544 2994 sua
568 2950 806 2992 auctoritate
834 2946 1052 3002 providere
1068 2945 1194 2986 debet
1209 2971 1223 2993 .,

191 3014 233 3055 in
261 3014 404 3067 quibus
432 3011 613 3052 Minister
641 3007 907 3051 Provincialis
934 3031 948 3053 ,
989 3005 1052 3047 vel
1082 3004 1135 3044 ob
1163 3016 1227 3043 va·-

191 3072 369 3119 ssitatem
387 3070 611 3112 Provinciae
625 3097 640 3118 ‚
663 3066 725 3109 vel
743 3067 796 3106 ob
816 3064 1047 3106 visitationis
1062 3060 1222 3104 cursum

195 3129 336 3186 praesto
350 3127 482 3170 adesse
494 3156 508 3178 ‚
526 3129 566 3168 &
581 3136 858 3181 opportunum
874 3121 1098 3164 remedium
1114 3118 1221 3161 ferre

194 3202 274 3233 non
303 3186 459 3243 potest,
488 3184 582 3226 ideo
605 3181 935 3238 Commissarius,
958 3183 997 3221 δε
1024 3179 1220 3220 visitator

195 3246 416 3290 Generalis
445 3245 591 3287 bonum
609 3273 623 3294 ,
653 3245 689 3283 &
705 3252 978 3296 opportunum
995 3237 1131 3280 censet
1149 3265 1162 3286 ‚
1178 3245 1220 3277 ut

194 3306 276 3348 haec
308 3302 386 3359 ipsa
406 3302 616 3345 Provincia
647 3300 751 3342 salva
777 3300 962 3347 unitate,
990 3299 1029 3337 ὅτ.
1058 3293 1222 3337 exclusss

195 3362 302 3403 omni
328 3372 409 3403 tam
437 3359 667 3408 materiali,
694 3361 814 3413 quam
842 3355 1002 3397 formali
1026 3354 1222 3395 divisione

192 3422 236 3465 in
259 3431 342 3466 tres
364 3419 575 3463 Custodias
587 3417 869 3470 distinguatur,
887 3412 1082 3454 videlicet
1098 3411 1135 3452 in
1152 3415 1224 3451 Sa·

195 3480 458 3526 lernitanam,
493 3475 755 3518 potentianam
773 3503 786 3525 ‚
819 3473 871 3523 ὠ·
898 3470 1222 3535 ὃαβσηᾳνσηβυι,

195 3535 425 3590 affignando
440 3534 609 3580 cuilibet
632 3546 697 3586 ¹4·
714 3534 953 3574 Conventus
970 3558 984 3579 ,
1007 3530 1193 3570 nimirum

255 3594 454 3636 Custodiae
471 3594 730 3636 Salernitana:
744 3594 1000 3636 Conventus,
1021 3587 1222 3640 vulgo-50·-

197 3654 305 3695 lerna
322 3679 335 3701 ,
351 3653 581 3709 Castiglione
592 3680 606 3701 ,
627 3654 665 3691 .5.
685 3652 877 3704 Cypriane
890 3676 904 3698 ‚
920 3645 1091 3703 G1ffoni‚
1111 3647 1220 3684 Mon-

195 3720 234 3753 te
249 3709 428 3752 Corvino,
448 3712 573 3761 Εὐσίί,
588 3713 828 3762 Campagna,
844 3711 884 3747 s.
904 3709 1064 3754 Manna,
1079 3705 1217 3755 Maro,

197 3769 356 3814 Picerno
373 3795 386 3817 ‚
403 3770 635 3821 Sicignano,
676 3769 828 3816 Vtetro,
865 3766 971 3807 Polla
993 3791 1007 3815 ,
1037 3776 1055 3804 c
1071 3761 1186 3803 sala.

316 3828 419 3868 1'om.
450 3828 525 3870 111.

1362 316 1565 354 Custodia
1593 314 1843 359 Potentianae
1869 318 2112 360 Conventus
2131 344 2146 367 ‚
2181 320 2305 374 vulgo
2324 336 2338 364 ε

1300 372 1468 412 potenza
1499 376 1540 415 S.
1556 375 1684 415 Cario
1698 403 1712 425 ,
1724 380 1892 425 potenza
1917 379 1957 417 S.
1974 379 2153 417 Antonio
2170 406 2183 427 ‚
2205 380 2341 432 Vlgno-

1301 430 1341 469 la
1353 456 1368 479 ,
1384 429 1548 472 Abriola
1562 458 1575 479 ‚
1591 433 1762 488 Marsico
1774 463 1787 484 ,
1802 438 1945 491 Amisi,
1967 437 2103 488 Turst',
2119 438 2253 477 Monte
2267 438 2342 478 Al-

1299 486 1400 529 bano
1417 518 1431 539 ‚
1448 491 1702 533 Ferrandina
1711 521 1727 542 ,
1743 496 1924 535 Groctolc
1935 521 1952 547 ‚
1973 498 1995 535 1
2001 493 2104 535 rica,
2112 494 2170 535 ico
2185 523 2199 545 ,
2218 498 2341 537 Mon-

1299 547 1441 588 ticchto
1454 576 1465 588 .

1358 605 1558 646 Custodiae
1582 607 1845 656 Saponarensi
1873 614 2146 660 Conventus,
2174 611 2300 666 vulgo
2320 637 2336 659 a

1300 665 1505 716 Saponara
1517 687 1532 708 ³
1573 662 1675 703 Vallo
1691 692 1705 713 ‚
1738 668 1899 708 Centola
1916 697 1929 719 ,
1954 675 2168 713 Camarata
2180 699 2195 722 ‚
2218 674 2335 712 Mon-

1296 728 1336 760 tc
1365 723 1490 770 Sana,
1527 718 1751 774 Perdsfumo
1774 750 1789 773 ,
1825 728 1928 779 Lago
1962 743 2079 783 negro
2110 731 2150 771 S.
2174 729 2302 771 Maria
2315 755 2333 779 ‚

1299 779 1406 832 Lago
1431 791 1549 832 negro
1572 782 1612 819 S.
1625 779 1848 823 francesco
1862 812 1878 831 ,
1914 788 2167 841 castelluccia
2181 816 2195 838 ‚
2212 791 2337 830 Otta-

1298 839 1334 877 tt’
1348 861 1363 881 2
1391 836 1579 891 Piaggt'nc
1593 864 1607 886 ‚
1638 839 1789 879 Lauria
1805 870 1816 889 ,
1835 843 2026 884 Maratea
2039 872 2053 894 ,
2073 846 2200 899 Castel
2211 850 2335 887 Sara-

1298 907 1415 945 ceno,
1446 909 1535 937 cum
1561 894 1739 950 benigno
1761 897 1979 951 mandato,
2006 910 2053 944 ut
2079 903 2251 957 quilibet
2279 917 2335 949 ex

1297 952 1542 995 Custodibus
1557 983 1572 1003 ‚
1588 954 1641 996 de
1655 955 1798 1008 quibus
1813 958 1855 998 in
1871 960 2074 1013 Capitulis
2092 963 2332 1005 Provincia-

1297 1011 1399 1052 libus
1419 1012 1594 1066 provifio
1618 1009 1707 1054 fieri
1730 1016 1970 1064 consuevit,
1994 1018 2032 1059 in
2050 1017 2143 1061 loco
2160 1020 2234 1062 suae
2247 1024 2333 1063 Cu-

1292 1069 1458 1125 slodiae,
1476 1070 1666 1111 nimirum
1694 1071 1881 1124 Salerni,
1909 1075 2104 1118 Potentia·
2117 1106 2131 1127 .,
2148 1081 2187 1119 &
2200 1085 2331 1131 Sapo·-

1296 1143 1421 1180 ουκ,
1454 1127 1519 1170 vel
1550 1128 1689 1171 saltem
1713 1130 1822 1174 intra
1855 1133 1961 1175 suam
1979 1135 2215 1191 Custodiam
2234 1137 2330 1179 resi-

1295 1186 1395 1231 dere
1410 1214 1425 1237 ,
1457 1187 1650 1244 suumque
1680 1187 1857 1232 officium
1871 1217 1884 1238 a
1913 1191 2026 1248 juxta
2054 1195 2328 1236 Constitutio-

1296 1260 1365 1290 nes
1378 1272 1393 1295 ‚
1417 1248 1456 1288 δι
1471 1247 1761 1290 Ordinationes
1778 1252 1994 1304 generales
2013 1251 2177 1294 Ordinis
2194 1252 2329 1297 fideli-

1295 1314 1360 1348 ter
1385 1319 1585 1348 exercere
1614 1314 1833 1355 teneatur,
1865 1310 1924 1351 uti
1951 1309 2095 1366 supra.

1351 1366 1408 1406 11.
1439 1364 1637 1425 Qarnvis
1657 1367 1679 1408 ὲ
1705 1367 1860 1421 Spiritu
1889 1371 1967 1411 FF.
1984 1371 2220 1420 Minoi-um,
2253 1371 2326 1416 im,

1292 1433 1536 1478 paupertate
1551 1451 1565 1475 ‚
1596 1424 1632 1464 &
1662 1423 1896 1468 humilitate
1925 1426 2095 1470 fundato
2119 1428 2335 1472 multum,-

1292 1482 1420 1524 aliena
1435 1481 1512 1524 esse
1526 1481 1700 1524 deberet
1717 1483 1788 1525 illa
1807 1482 2050 1541 disceptatio
2065 1515 2078 1538 ,
2095 1488 2180 1538 quis
2194 1501 2328 1531 corum

1291 1540 1555 1597 videatureffl'r
1571 1539 1724 1595 major?
1751 1543 1928 1597 indeque
1950 1545 2172 1587 eleetiones
2182 1546 2327 1594 Altera

1289 1598 1434 1641 nativae
1457 1599 1497 1640 in
1514 1597 1733 1652 Seraphica
1750 1601 1880 1642 nestra
1899 1603 2145 1658 Religione,
2174 1618 2248 1645 nec
2265 1606 2328 1646 in-

1290 1657 1469 1708 troduci,
1483 1671 1557 1699 nec
1573 1657 1746 1699 tolerari
1760 1670 1974 1715 oporteret
1986 1690 2000 1713 ,
2017 1665 2068 1705 eo
2084 1663 2192 1717 quod
2208 1662 2324 1716 juxta

1287 1715 1473 1771 antiquos
1488 1719 1679 1758 Canones
1691 1743 1704 1765 ‚
1719 1723 1790 1771 qui
1799 1720 2059 1776 praestantior
2071 1736 2117 1761 ex
2139 1728 2327 1776 omnipo·

1284 1775 1376 1830 pulo
1391 1802 1404 1825 ,
1421 1773 1492 1828 qui
1501 1772 1662 1824 dobner,
1685 1777 1754 1828 qui
1753 1777 1935 1834 sanfflior
1948 1805 1962 1827 a
1981 1778 2107 1834 quiin
2120 1788 2225 1821 omm'
2239 1782 2327 1821 vlr-

1286 1841 1373 1875 tute
1389 1831 1622 1874 eminentior
1635 1832 1686 1889 est
1699 1863 1714 1883 ,
1738 1836 1806 1876 ille
1833 1836 2008 1893 eligatur
2020 1867 2032 1878 .
2069 1843 2114 1880 In
2131 1848 2216 1893 cap.
2231 1838 2326 1881 licer-

1287 1904 1378 1945 ergo
1399 1904 1467 1939 ¹5--
1490 1892 1696 1946 ipsumque
1712 1896 1879 1936 Sacrum
1893 1897 2128 1939 Concilium
2150 1899 2322 1940 Triden.

1287 1953 1418 1992 tinum
1444 1952 1523 1991 sess.
1541 1965 1614 2000 24.
1637 1949 1972 1997 efficaciterinde
1991 1969 2060 1997 nos
2079 1957 2322 2008 deterreat,

1286 2009 1491 2052 dice-ndo:
1507 2010 1692 2050 fiteffores
1706 2012 2021 2066 alienispeccatis
2033 2015 2324 2056 communican-

1285 2077 1340 2111 tes
1370 2068 1594 2109 mortaliter
1604 2078 1767 2123 peccant
1782 2098 1795 2119 ‚
1822 2071 1900 2126 nisi
1917 2086 2007 2126 quos
2031 2072 2253 2127 digniores,
2272 2076 2321 2122 θ’

1290 2126 1461 2182 Ecclesiae
1487 2140 1609 2182 mages
1630 2126 1745 2168 utiles
1763 2130 1840 2184 ipsi
1850 2130 2123 2185 judicaverint
2137 2161 2150 2184 ,
2166 2134 2322 2193 praefici

1287 2184 1498 2241 diligenter
1512 2186 1771 2228 curaverint:
1805 2191 1895 2242 quia
1913 2203 2045 2233 tamen
2062 2193 2243 2234 dolenda-
2255 2196 2321 2233 ni-

1288 2245 1359 2286 mis
1382 2244 1636 2299 experientia
1652 2247 1927 2298 c‹)nstat‚hanc
1947 2251 2131 2291 Lucaniae
2150 2253 2322 2293 Provin-

1285 2306 1390 2345 ciam
1414 2304 1467 2343 ob
1496 2317 1624 2345 varias
1654 2304 1791 2347 causas
1817 2307 1870 2348 ita
1900 2320 2149 2349 commotam
2175 2309 2317 2361 fuisse,

1285 2373 1330 2406 ut
1358 2360 1448 2404 Effii
1468 2365 1608 2405 Patres
1636 2365 1741 2405 malo
1766 2376 2040 2418 opportunum
2059 2371 2317 2411 remedium„

1284 2420 1392 2463 ferre
1414 2422 1623 2474 cupientes
1639 2421 1915 2474 sapientiffime
1936 2422 2015 2477 jam
2031 2424 2320 2476 concesserint,

1283 2490 1326 2522 ut
1344 2477 1468 2534 politii
1485 2478 1678 2520 materiali
1693 2478 1886 2521 divisione
1900 2483 1939 2521 in
1954 2481 2051 2524 duas
2068 2494 2223 2537 parteS,
2239 2484 2318 2525 Mi-

1283 2538 1406 2580 nister
1424 2537 1687 2579 Provincialis
1713 2537 1959 2582 alternative
1980 2554 2031 2581 ex
2050 2555 2126 2583 una
2140 2542 2317 2595 partium

1283 2610 1374 2637 cum
1401 2595 1557 2637 duobus
1576 2595 1886 2640 Deffinitoribus
1904 2612 1955 2640 ex
1971 2611 2142 2655 utraque
2156 2612 2315 2655 parte-2.

1284 2654 1542 2710 imposterum
1558 2655 1736 2709 eligatur
1750 2684 1764 2707 ‚

1343 2712 1460 2764 Ideo,
1477 2712 1499 2753 si
1517 2713 1700 2767 predicta
1715 2715 1996 2759 Custodiarum
2023 2717 2222 2759 distinctio
2245 2718 2318 2758 be-

1283 2771 1445 2824 nignam
1474 2774 1806 2825 approbationem
1838 2786 2047 2827 meretur,
2074 2773 2315 2818 Commissa-

1285 2830 1364 2870 rius
1381 2856 1395 2877 ,
1421 2831 1460 2872 ὃς
1478 2829 1670 2871 visitator
1686 2833 1901 2874 Generalis
1927 2835 1966 2876 in
1982 2848 2032 2876 eo
2047 2833 2156 2877 sensu
2176 2835 2282 2876 foret
2298 2861 2315 2882 2

1284 2887 1395 2942 quod
1422 2888 1569 2927 electio
1586 2889 1752 2930 Ministri
1773 2892 2039 2934 Provincialis
2064 2892 2313 2935 alternative

1287 2947 1340 2988 de
1366 2944 1545 2986 triennio
1566 2946 1840 2988 in.triennium
1862 2963 1913 2992 ex
1929 2965 2007 2992 una
2027 2952 2220 2994 Custodia
2239 2949 2313 2990 fie-

1286 3014 1351 3045 ret
1367 3031 1381 3053 ‚
1414 3017 1463 3045 ex
1491 3002 1673 3058 qualibet
1703 3008 1802 3047 vero
1834 3007 2001 3050 aliarum
2026 3010 2312 3050 Custodiarum

1285 3063 1367 3104 duo
1385 3063 1634 3103 Diffinitores
1648 3063 1747 3118 eligi
1761 3065 1963 3107 deberent
1977 3095 1990 3117 ‚
2016 3067 2069 3107 ita
2083 3092 2097 3111 ³
2124 3078 2166 3108 ut
2189 3066 2314 3108 cuili-

1282 3123 1352 3162 bet
1367 3121 1566 3162 Custodiae
1594 3120 1806 3163 successive
1834 3125 1976 3165 eadem
1998 3123 2078 3164 sors
2095 3126 2310 3179 obtingat,

1283 3193 1416 3232 neque
1431 3193 1505 3221 una
1521 3181 1637 3232 super
1649 3181 1816 3222 alteram
1831 3180 1918 3222 ullo
1931 3195 2103 3236 unquam
2119 3193 2308 3238 tempore

1283 3238 1450 3278 elevare
1478 3236 1516 3278 se
1533 3237 1669 3291 possit.
1702 3241 1801 3297 Qae
1817 3239 1944 3292 gratia
1962 3241 2174 3294 Relig-iosis
2192 3242 2308 3298 hujus

1282 3295 1504 3338 Provinciae
1519 3299 1570 3335 eo
1585 3294 1739 3338 facilius
1759 3295 1882 3350 posset
1904 3300 2106 3349 concedi,
2131 3314 2223 3342 cum
2244 3302 2308 3341 in-

1282 3353 1457 3394 terinos
1473 3368 1550 3395 non
1566 3356 1611 3395 sit
1629 3383 1642 3405 ,
1669 3368 1741 3395 nec
1758 3354 1874 3397 facile
1889 3354 1965 3396 esse
1981 3356 2097 3411 poffit
2113 3371 2251 3412 magna
2267 3361 2307 3400 &

1284 3411 1467 3453 notabilis
1495 3415 1733 3454 meritorum
1758 3412 1994 3465 diversitas,
2028 3416 2081 3458 ita
2098 3445 2111 3467 ,
2143 3428 2184 3457 ut
2201 3431 2308 3473 quae-

1280 3470 1382 3511 libet
1409 3469 1599 3512 Custodia
1619 3473 1740 3511 Viros
1771 3471 1892 3513 alteri
1921 3474 2091 3528 aequales
2116 3477 2309 3517 naturali-

1281 3539 1346 3568 ter
1363 3529 1556 3582 parturiat
1572 3554 1584 3567 .
1617 3531 1670 3569 Et
1686 3542 1866 3583 quamvis
1880 3532 2013 3573 nostra
2031 3533 2195 3589 Religio
2208 3548 2307 3575 con-

1281 3597 1342 3627 tra
1359 3588 1662 3640 praetendentes
1676 3586 1868 3642 ejusmodi
1886 3589 2184 3634 Alternativam
2200 3592 2305 3646 apud

1279 3645 1318 3684 S.
1337 3648 1483 3685 sedem
1501 3644 1771 3698 Apostolicam
1787 3672 1801 3693 2
1826 3648 1976 3690 merito
2008 3649 2161 3704 semper
2184 3649 2221 3689 se
2237 3664 2307 3703 op-

1277 3703 1524 3757 posuerit‚ea
1536 3714 1671 3744 tamen
1689 3705 1724 3745 in
1741 3705 1942 3747 nonnullis
1957 3707 2303 3762 principalioribus

1276 3761 1405 3804 ltaliae
1419 3761 1643 3805 Provinciis
1669 3761 1747 3820 jam
1770 3764 1790 3805 a
1807 3764 1990 3820 pluribus
2005 3768 2116 3809 annis
2135 3765 2242 3818 viget
2263 3766 2301 3807 in

1617 3821 1657 3863 H
2141 3822 2208 3864 Usu
2225 3848 2239 3870 2
