2618 4108
289 338 527 387 verificares,
555 336 591 374 δέ
607 332 827 387 approbatae
849 342 926 371 non
951 327 1128 379 fuerint,
1154 328 1217 369 vel
1243 342 1290 370 ex

286 398 419 448 quavis
437 395 509 434 alia
526 391 636 432 causa
651 400 1021 443 ,quantumcunque
1044 386 1210 441 juridica
1226 414 1239 436 ,
1251 388 1292 427 ὃς

285 450 494 494 necessario
512 448 766 503 exprimenda
779 472 793 494 ,
807 446 968 495 notari,
992 445 1032 484 &
1047 445 1290 498 impugnari,

284 516 346 556 vel
364 507 573 550 invalidari
597 501 728 559 posse:
765 504 910 558 sicque
931 516 1002 557 per
1023 502 1289 558 quoscumque

280 570 440 628 Judices
456 593 469 615 ,
492 566 528 604 δι’
554 560 851 603 Commiffarios
875 560 1014 616 quavis
1039 561 1288 602 authoritate

283 627 491 678 fungentes
507 648 521 670 ,
536 618 689 661 sublatfi
703 620 761 661 eis
775 647 790 670 ,
806 622 843 660 &
858 631 998 661 eorum
1013 618 1182 660 cuilibet
1195 631 1290 672 qua·

282 680 474 728 vis'aliter
495 677 727 734 judicandi,
747 676 1099 732 &interpretandi
1120 675 1293 718 faculta-

282 754 352 791 te,
376 737 703 786 &authoritate‚
728 735 876 791 ubique
898 734 1096 790 judicari,
1124 748 1170 776 ac
1193 731 1293 775 defi-

282 799 357 844 niri
382 794 537 836 debere
563 807 578 846 3
606 807 683 837 nec
704 806 787 835 non
811 793 966 835 irritum
984 821 1001 842 ,
1027 794 1064 832 &
1091 793 1239 843 inane,
1268 792 1296 834 si

281 858 390 900 secus
408 852 527 907 super
542 852 602 894 his
625 851 645 892 ὲ
660 864 860 906 quoquam
877 878 891 901 ,
915 850 1055 905 quavis
1072 850 1294 892 authorita-

279 926 322 957 te
334 913 502 954 scienter
524 910 589 951 vel
608 910 839 963 ignoranter
850 907 1068 962 contigerit
1084 906 1291 950 attentari.

283 976 376 1016 Non
402 968 645 1010 obstantibus
670 967 882 1009 voluntate
908 965 1053 1008 Nostra
1080 964 1290 1020 praedifla,

279 1043 324 1073 ac
345 1027 417 1068 fel.
437 1040 517 1068 rec.
537 1022 730 1068 Bonifacii
752 1026 829 1068 ΡΡ.
845 1026 964 1066 VIII.
989 1021 1291 1067 Praedecefforis

279 1086 445 1136 Nostri,
473 1098 550 1139 qua
572 1085 680 1125 inter
697 1081 775 1124 alia
799 1091 968 1124 cavetur
990 1082 1176 1138 expresse
1191 1111 1206 1133 ,
1237 1094 1290 1123 ne

280 1144 452 1202 cujusvis
483 1140 645 1184 Ordinis
691 1140 1008 1185 Mendicantium
1050 1139 1292 1183 Professores

279 1205 367 1247 loca
386 1202 435 1243 ad
457 1199 715 1242 habitandum
731 1198 785 1241 de
801 1212 904 1241 novo
920 1200 1104 1253 recipere
1117 1228 1131 1250 ,
1150 1198 1216 1241 seu
1232 1211 1291 1239 re·

278 1271 397 1315 cepta
413 1268 571 1300 mutare
598 1257 833 1312 praesumant
848 1286 862 1307 ,
886 1256 1031 1312 absque
1051 1257 1164 1299 dietae
1179 1255 1291 1300 Sedis

280 1319 443 1363 licentia
467 1316 659 1371 speciali,
689 1315 741 1357 de
764 1314 1039 1371 prohibitione
1067 1313 1290 1368 hujusmodi

282 1375 496 1432 expressam
512 1375 761 1417 mentionem
791 1372 989 1422 faciente,
1016 1374 1056 1413 &
1083 1373 1170 1414 aliis
1184 1375 1292 1415 Con·

276 1433 540 1478 stitutionibus
555 1430 1180 1486 &OrdinationibusApostolieis
1199 1443 1290 1473 con.

275 1494 408 1536 trariis
423 1491 750 1546 quibuscunque:
783 1500 848 1532 aut
876 1488 900 1530 fi
923 1489 1043 1544 aliqui
1059 1488 1175 1545 super
1197 1503 1292 1544 pro·

279 1551 490 1594 visionibus
504 1549 570 1590 sibi
588 1547 776 1591 faciendis
793 1550 843 1590 de
862 1546 1109 1602 hujusmodi,
1124 1547 1188 1589 vel
1204 1546 1290 1588 aliis

276 1608 490 1652 Beneficiis
503 1606 785 1649 Ecclesiasticis
804 1606 841 1647 in
857 1605 935 1647 illis
952 1606 1131 1660 partibus
1145 1604 1291 1660 specia-

275 1667 362 1718 les,
391 1666 457 1707 vel
487 1664 696 1720 generales
722 1664 830 1705 dietae
856 1663 972 1705 Sedis
989 1692 1003 1714 ,
1027 1663 1090 1705 vel
1112 1666 1289 1718 Legato-

275 1741 365 1769 rum
389 1724 473 1779 ejus
497 1725 634 1764 literas
663 1721 966 1777 impetraverint
988 1747 1002 1769 ,
1034 1720 1181 1762 etiamsi
1215 1734 1287 1774 per

277 1798 343 1826 eas
371 1782 420 1823 ad
443 1780 753 1830 inhibitionem,
777 1777 1091 1821 reservationem
1106 1805 1120 1828 ,
1141 1780 1178 1819 &
1201 1781 1285 1820 De-

277 1852 434 1884 cretum
447 1868 460 1890 ,
476 1839 538 1881 vel
554 1838 648 1879 alias
661 1836 968 1894 quomodolibet
985 1835 1031 1877 sit
1046 1834 1284 1891 processum,

275 1913 371 1955 quas
393 1897 555 1953 quidem
574 1896 712 1938 literas
726 1922 740 1944 ,
761 1897 797 1937 St
813 1896 1015 1949 processus
1032 1895 1187 1936 habitos
1209 1909 1285 1950 per

275 1957 432 1999 easdem
447 1982 460 2004 ,
484 1957 523 1995 δι
545 1954 641 1996 inde
657 1953 791 1996 secuta
814 1967 1056 2008 quaecunque
1070 1952 1118 1994 ad
1136 1954 1284 1995 dietam

277 2013 499 2057 Ecclesiam
515 2013 696 2055 volumus
716 2026 792 2054 non
820 2012 983 2053 extendi
999 2040 1013 2063 ‚
1037 2011 1103 2054 sed
1130 2011 1283 2054 nullum

277 2087 350 2128 per
369 2073 442 2112 hoc
456 2072 514 2113 eis
526 2097 539 2120 ,
552 2071 679 2126 quoad
697 2071 974 2113 executionem
991 2068 1284 2112 Beneficiorum

277 2131 445 2173 aliorum
470 2128 738 2185 praejudicium
764 2128 945 2182 generari
968 2159 979 2168 .
1011 2131 1064 2170 Et
1093 2128 1284 2184 quibusli-

280 2190 350 2230 bet
370 2187 456 2229 aliis
469 2187 687 2242 privilegiis
700 2217 716 2238 ,
738 2186 902 2228 indultis
921 2186 1099 2229 &literis
1115 2187 1284 2242 Aposto-

274 2247 377 2296 licis,
389 2244 639 2301 generalibus
657 2245 719 2286 vel
737 2243 1283 2302 specialibus,quorumcunq;

275 2315 466 2346 tenorum
492 2303 655 2345 existant
673 2329 688 2351 ,
712 2315 783 2356 per
796 2316 878 2357 quae
893 2304 1143 2358 praesentibus
1170 2317 1281 2347 non-³

278 2361 479 2416 expressa,
507 2361 573 2402 vel
595 2361 779 2403 totaliter
805 2374 885 2401 non
913 2360 1059 2403 inserta
1079 2390 1093 2414 ,
1123 2361 1282 2405 effeetus

271 2434 412 2463 earum
429 2418 612 2474 impediri
629 2420 763 2460 valeat
778 2418 1109 2473 quomodolibet,
1125 2421 1190 2462 vel
1206 2419 1285 2462 dif-

274 2477 374 2520 ferri
390 2506 402 2526 ,
425 2479 464 2518 &
484 2476 535 2519 de
549 2478 688 2532 quibus
702 2505 716 2527 ,
733 2490 1046 2532 eorumeumque
1060 2479 1155 2520 totis
1173 2487 1286 2519 teno-

275 2537 383 2578 ribus
404 2534 455 2575 de
477 2536 603 2576 verbo
618 2535 667 2577 ad
685 2536 848 2576 verbum
866 2535 1047 2578 habenda
1072 2535 1116 2578 fit
1142 2536 1180 2577 in
1208 2536 1283 2578 eis-

278 2594 371 2634 dem
387 2591 512 2633 literis
530 2593 681 2633 mentio
698 2587 878 2644 specialis
891 2618 901 2629 .
919 2593 1120 2636 Volumus
1133 2601 1283 2645 autem,

275 2649 382 2704 quod
412 2659 575 2703 propter
595 2647 883 2690 concessionem
897 2678 911 2700 ,
936 2651 974 2690 δι
987 2650 1284 2706 assignationem

277 2705 500 2762 hujusmodi
527 2706 631 2748 di&a
655 2705 830 2747 Ecclesia
857 2705 1005 2750 debitis
1025 2723 1103 2751 non
1121 2707 1283 2751 fraude-

277 2774 344 2807 tur
358 2762 583 2819 obsequiis,
610 2763 676 2807 sed
694 2762 779 2819 ejus
794 2766 970 2819 congrue
997 2766 1282 2822 supportentur

277 2836 400 2864 onera
429 2821 644 2864 consueta.
675 2822 787 2864 Nulli
814 2836 911 2876 ergo
933 2825 1137 2867 hominum
1163 2826 1282 2869 liceat

278 2881 380 2921 hanc
397 2880 576 2934 paginam
596 2879 731 2920 nostrae
745 2879 1001 2923 absolutionis
1022 2910 1036 2933 ,
1049 2885 1284 2937 erec'tioniS,

280 2937 538 2979 institutionis
553 2965 566 2986 ,
591 2938 846 2979 concessionis
862 2963 876 2985 ,
897 2939 1188 2995 assignationis,
1203 2945 1281 2986 De.

279 2996 410 3045 creti,
431 2996 470 3035 &
485 2994 700 3037 voluntatis
715 2995 954 3050 infringere,
979 2999 1044 3040 vel
1060 3001 1097 3041 ei
1115 3000 1206 3043 ausu
1221 3011 1285 3043 te·

277 3054 451 3095 merario
478 3053 701 3095 contraire.
734 3055 774 3097 si
797 3056 882 3109 quis
905 3066 1037 3098 autem
1057 3059 1132 3098 hoc
1147 3068 1282 3100 atten-

280 3120 367 3151 tare
398 3109 709 3164 praesumpserit,
740 3112 1059 3166 indignationem
1086 3117 1280 3170 Omnipo-

281 3167 404 3207 tentis
423 3170 523 3218 Dei,
551 3182 595 3209 ac
611 3171 824 3211 Beatorum
839 3174 951 3214 Petri
979 3175 1018 3213 &
1042 3174 1155 3215 Pauli
1171 3178 1280 3230 Apo-

283 3222 470 3264 stolorum
488 3226 570 3275 ejus
582 3225 621 3267 se
643 3229 797 3269 noverit
813 3229 1063 3273 incursurum
1077 3261 1089 3272 .

322 3282 486 3341 ‚Datum
503 3283 658 3325 Tusculi
675 3287 793 3327 Anno
819 3290 1109 3331 incarnationis
1138 3292 1278 3333 Domi-

291 3349 386 3375 ΝΜ
416 3336 622 3379 millesimo
652 3343 964 3396 quingentesimo
994 3344 1278 3403 septuagesimo

286 3405 394 3489 :ioqo
410 3419 423 3441 ,
450 3395 571 3434 Nonis
597 3399 720 3450 Maii,
742 3401 997 3446 Pontificatus
1013 3406 1145 3449 Nostri
1159 3412 1279 3451 Anno

306 3462 351 3503 ep
375 3463 478 3490 imo.

345 3564 464 3605 Bulla
474 3562 653 3618 formata
675 3571 716 3609 in
743 3576 858 3616 Arch.
875 3575 1082 3622 Provinciae
1095 3606 1109 3626 ,
1137 3581 1179 3621 de
1201 3595 1276 3635 qua

397 3624 594 3674 exemplar
607 3626 863 3671 authenticum
882 3638 923 3676 in
942 3635 1060 3680 Arch.
1074 3643 1167 3681 Gen.
1182 3641 1274 3682 Ord-

393 3680 578 3722 Armario
600 3683 805 3730 Provincia
817 3690 852 3730 A
856 3693 1013 3744 prutina
1024 3722 1037 3736 .

1076 208 1590 298 Pr'ovin'cia'
1659 238 1666 244 ’
1718 240 1720 243 ·

1351 329 1608 380 Ceffionem
1640 323 1875 388 cujusdam
1902 325 2010 392 petii
2039 337 2171 376 terrae
2189 360 2205 384 ,
2241 322 2371 377 &ab

1419 401 1557 448 terius
1606 395 1944 464 assignationem
1989 412 2071 462 pro
2116 399 2368 446 Conventa

1417 468 1720 533 Camplorum
1774 463 2062 514 commodius
2105 463 2368 514 aedificando

1417 539 1811 586 communitatem
1824 537 1937 583 inter
1950 562 1965 570 ·
1979 533 2028 585 δε
2046 532 2372 584 Monasterium

1417 607 1698 654 Monialium
1744 608 1796 654 B.
1840 605 2001 654 Mariae
2041 606 2371 673 Angelorum..

1423 675 1546 726 Ord.
1582 679 1631 724 S.
1665 673 1895 725 Benediffl
1923 672 2091 726 ibidem
2128 672 2371 724 ratihaberi

1420 746 1674 795 committit
1690 781 1703 794 .

1354 883 1972 940 GREGORIUS
2021 886 2125 935 ΡΡ.
2179 886 2373 935 XIII.

1358 1010 1589 1056 Venerabilis
1613 1016 1761 1056 Frater
1774 1040 1790 1064 ,
1820 1012 1872 1062 &⁴
1891 1011 2025 1054 dile-He
2053 1011 2135 1053 Fili
2149 1039 2165 1063 ,
2197 1014 2370 1058 salutem

1517 1071 1566 1118 ὅ
1592 1071 1847 1129 Apostolicam
1874 1067 2174 1115 Benediffionem
2194 1099 2205 1111 .
2271 1078 2273 1090 ²
2346 1086 2348 1090 ’

1450 1200 1587 1255 Xponi
1604 1198 1733 1243 Nobis
1759 1207 1884 1256 nuper
1907 1199 2092 1243 fecerunt
2117 1197 2254 1242 dileat
2271 1198 2367 1242 Filii

1479 1257 1725 1302 Universitas
1740 1287 1754 1310 ,
1783 1260 1823 1300 &
1844 1259 2036 1302 Homines
2057 1261 2191 1301 Terrae
2217 1258 2369 1312 Cample‘

1352 1317 1523 1371 Aprutin
1538 1345 1549 1356 .
1574 1316 1764 1359 Dioecesis
1782 1343 1796 1367 ,
1810 1318 1916 1372 quod
1931 1346 1945 1369 ,
1958 1330 2049 1360 cum
2067 1330 2196 1372 nuper
2217 1314 2285 1370 ipsi
2304 1316 2371 1370 pio

1351 1373 1580 1417 devotionis
1604 1375 1711 1417 Zelo
1736 1375 1890 1417 accensi
1905 1403 1920 1426 ,
1950 1389 1996 1416 ac
2011 1390 2087 1431 pro
2111 1389 2251 1417 eorum
2276 1373 2368 1428 Spi-

1352 1433 1489 1474 rituali
1518 1431 1793 1477 consolatione
1818 1460 1833 1483 ,
1876 1435 1913 1474 &
1942 1433 2082 1476 Divini
2116 1431 2247 1475 cultris
2272 1436 2373 1486 aug-s

1351 1500 1520 1537 mento,
1547 1504 1669 1532 unam
1697 1493 1872 1533 Domum
1896 1491 2056 1534 Ordinis
2085 1492 2269 1534 Fratrum
2296 1491 2371 1531 Mi.

1351 1562 1495 1592 norum
1524 1549 1843 1604 Capuccinorum
1867 1558 2186 1605 nuncupatorum
2218 1550 2257 1590 in
2282 1557 2370 1590 ter-

1352 1608 1496 1649 ritorio
1521 1606 1697 1662 ejusdem
1712 1607 1841 1649 Casiri
1863 1605 2057 1650 aedisicare
2075 1605 2370 1656 decrevissent,

1351 1681 1425 1722 pro
1439 1665 1616 1723 ejusdem
1633 1663 1788 1708 Domus
1801 1694 1815 1718 ,
1846 1665 1886 1706 δι
1899 1664 2162 1708 Personarum
2177 1665 2228 1707 ibi
2246 1664 2372 1706 intro-

1346 1724 1620 1767 ducendarum
1657 1722 1801 1780 majori
1828 1724 2119 1767 commoditate
2149 1751 2163 1775 ,
2193 1724 2232 1764 &
2265 1720 2374 1764 salua

1346 1785 1497 1826 britate
1511 1812 1527 1833 ,
1560 1785 1736 1825 Domum
1762 1779 1961 1838 praefatam
1988 1782 2029 1824 in
2054 1778 2140 1824 solo
2165 1780 2370 1836 quodam,

1344 1841 1413 1884 seu
1440 1852 1608 1883 terreno
1627 1843 1665 1883 in
1682 1841 1893 1883 territorio
1917 1838 2122 1895 cujusdam
2148 1839 2302 1890 Castri,
2331 1840 2374 1880 δι

1346 1901 1439 1943 loco
1454 1899 1575 1953 plano
1602 1903 1643 1941 S.
1659 1898 1880 1942 salvatoris
1909 1898 1957 1941 ad
1977 1897 2186 1941 Trasilium
2214 1910 2363 1939 nuncu-

1345 1967 1441 2014 pato
1458 1956 1530 1998 sito
1542 1985 1555 2008 ,
1570 1955 1683 2014 juxta
1701 1956 1802 1999 bona
1818 1956 1988 1999 Andreae
2001 1957 2158 1999 Ioannis
2170 1982 2185 2004 ,
2201 1957 2238 1996 &
2255 1955 2360 1996 viam

1345 2015 1547 2072 publicam
1573 2042 1588 2066 ‚
1618 2029 1664 2056 ac
1697 2014 1797 2058 bona
1833 2015 2064 2058 Monasterii
2094 2013 2366 2058 Monialium„

1346 2077 1394 2116 B.
1409 2074 1545 2119 Mariae
1560 2072 1810 2127 Angelorum
1838 2072 2003 2115 Ordinis
2020 2075 2060 2115 S.
2075 2072 2283 2115 Benedicti
2309 2071 2365 2112 de

1345 2131 1494 2177 eodem
1516 2131 1684 2181 Castro,
1716 2133 1755 2173 δι
1769 2131 1943 2174 Simonis
1967 2131 2119 2173 Iocuffe
2147 2131 2195 2172 ad
2217 2130 2367 2171 Rivum

1348 2190 1558 2245 Sicchagni
1572 2219 1588 2240 ,
1621 2188 1737 2231 salvis
1759 2189 1848 2230 aliis
1865 2190 2088 2231 verioribus
2102 2186 2336 2231 Confinibus
2351 2215 2367 2239 ,

1351 2249 1507 2305 partim
1529 2247 1703 2290 aratoria
1716 2277 1732 2299 ,
1761 2247 1800 2287 δι
1826 2247 1972 2302 partim
1987 2246 2122 2290 fodiva
2136 2273 2151 2295 ,
2181 2260 2224 2289 ac
2242 2259 2364 2303 quer-

1342 2307 1470 2350 cubus
1486 2305 1634 2349 consita
1657 2305 1708 2347 ad
1730 2305 1877 2348 dietum
1895 2305 2179 2348 Monasterium
2194 2303 2367 2360 spetian-

1344 2367 1400 2408 tia
1426 2395 1441 2416 ,
1473 2367 1512 2406 &
1544 2363 1790 2419 pertinentia
1815 2393 1831 2417 ,
1872 2365 2016 2407 valoris
2043 2364 2081 2405 in
2112 2364 2365 2420 proprietate

1345 2423 1591 2479 septuaginta
1605 2422 1801 2469 duorum,
1832 2436 1878 2464 ac
1910 2420 2094 2466 redditus
2121 2421 2241 2464 annui
2266 2433 2368 2478 qua-

1346 2491 1439 2525 tuor
1467 2482 1708 2523 ducatorum
1721 2481 1807 2522 auri
1836 2480 1888 2521 de
1904 2484 2075 2525 Camera
2097 2480 2299 2529 construi,
2326 2479 2368 2519 δι

1345 2538 1527 2582 aedificari
1555 2537 1741 2581 fecerunt
1759 2564 1771 2588 ,
1801 2537 1853 2581 de
1868 2548 2003 2581 tamen
2026 2537 2204 2596 ejusdem
2221 2541 2367 2579 Mona-

1344 2595 1702 2649 sseriiAbbatiffae,
1731 2596 2052 2649 &Conventfis,
2082 2597 2148 2652 qui
2167 2595 2289 2651 ipsum
2305 2594 2366 2636 so·-

1343 2656 1456 2704 lum,
1487 2656 1552 2696 seu
1576 2656 1806 2697 Terrenum
1834 2655 1920 2710 ipsis
1937 2655 2251 2699 Universitati&
2269 2655 2359 2696 Ho-

1342 2714 1516 2756 minibus
1556 2712 1606 2754 ad
1649 2713 1798 2755 dietum
1835 2713 2019 2756 effestum
2043 2713 2242 2756 dederant
2273 2739 2287 2760 ,
2317 2713 2358 2752 δε

1343 2771 1867 2820 concesserant,consensu,
1888 2787 1932 2814 ac
1959 2773 2081 2815 iidem
2105 2771 2354 2815 Universitas

1344 2832 1384 2871 &
1400 2829 1595 2872 Homines
1620 2829 1798 2885 ejusdem
1828 2831 2055 2874 Monasterii
2080 2826 2290 2872 Abbatissae
2315 2829 2355 2868 δι

1344 2888 1576 2931 Conventui
1601 2889 1761 2930 ratione
1788 2888 1882 2930 dieti
1908 2890 1991 2931 Soli
2015 2917 2030 2940 2
2062 2888 2141 2929 sive
2175 2886 2360 2937 terreni,

1342 2948 1382 2988 δι
1405 2947 1446 2988 in
1473 2946 1581 2988 illius
1611 2947 2058 3001 recompensationem,
2087 2947 2127 2986 &
2152 2954 2361 2999 permuta-

1343 3004 1494 3046 tionem
1521 3003 1724 3059 quoddam
1746 3005 1904 3059 petium
1932 3013 2050 3045 terrae
2068 3004 2227 3044 arativae
2253 3001 2359 3044 duo-

1341 3062 1473 3104 decim
1500 3061 1746 3103 tumulorum
1789 3075 1879 3103 cum
1915 3061 2083 3104 dimidio
2108 3087 2123 3109 ,
2161 3060 2226 3102 vel
2251 3059 2363 3103 circa

1338 3120 1378 3162 in
1405 3118 1547 3161 eodem
1569 3119 1808 3169 territorio,
1839 3120 1877 3161 &
1903 3118 1996 3161 loco
2024 3119 2077 3162 de
2092 3121 2231 3175 Vepro
2255 3131 2359 3160 nun-

1337 3186 1486 3232 cupato
1510 3176 1617 3230 juxta
1639 3177 1742 3218 bona
1764 3177 1932 3219 Antonii
1947 3177 2148 3226 Mancini,
2179 3190 2225 3218 ac
2243 3175 2360 3232 J0se-

1336 3236 1405 3291 phi
1435 3234 1560 3277 Tullii
1583 3263 1597 3286 ,
1627 3234 1827 3289 &Ulyssis
1849 3263 1863 3287 ,
1893 3237 2051 3294 loannis
2079 3235 2214 3278 Mariae
2244 3238 2358 3277 Mac-

1335 3293 1477 3336 chabei
1505 3321 1518 3344 ‚
1558 3307 1602 3336 ac
1630 3291 1787 3336 foveam
1812 3323 1827 3345 ,
1867 3292 1981 3336 salvis
2009 3294 2097 3336 aliis
2130 3292 2358 3337 verioribus

1339 3349 1558 3394 confinibus
1571 3381 1587 3402 ‚
1599 3350 1746 3394 valoris
1773 3354 1810 3394 in
1826 3352 1967 3395 eadem
1997 3353 2245 3408 proprietate
2261 3365 2356 3393 ceti·

1339 3419 1452 3460 tum,
1482 3423 1526 3450 ac
1554 3408 1736 3452 redditus
1761 3410 1880 3453 annui
1906 3411 2083 3467 quinque
2115 3409 2354 3452 ducatorum

1339 3467 1424 3521 auri
1440 3466 1492 3508 de
1506 3471 1680 3510 Caniera
1699 3468 1909 3517 similium,
1923 3468 1972 3511 ad
1993 3468 2136 3509 distani
2152 3466 2355 3510 Universi-

1340 3523 1466 3568 tatem
1483 3553 1497 3576 ,
1524 3527 1563 3566 δε
1577 3527 1774 3569 Homines
1791 3526 1972 3582 legitime
1985 3524 2157 3580 spectans
2171 3551 2185 3573 ,
2205 3526 2244 3565 δι
2258 3539 2355 3580 per·-⁴

1337 3584 1470 3625 tinens
1486 3583 1716 3636 dederunt,
1747 3583 2037 3640 assignaverunt
2054 3611 2069 3633 ,
2093 3584 2129 3623 &
2153 3594 2353 3638 permuta·-

1337 3650 1431 3683 runt
1458 3667 1472 3690 ,
1502 3655 1548 3682 ac
1574 3641 1775 3685 Abbatiffa
1801 3669 1817 3692 ,
1855 3644 1894 3684 δι
1921 3645 2157 3684 Conventus
2197 3639 2350 3697 praefati

1338 3699 1470 3740 omnia
1499 3697 1580 3752 jura
1595 3701 1652 3740 eis
1677 3701 1714 3743 in
1729 3701 1836 3743 dieto
1852 3702 1923 3742 situ
1938 3728 1952 3750 ,
1982 3699 2049 3741 seu
2063 3709 2232 3742 terreno
2251 3700 2354 3753 legi-

1338 3757 1435 3811 time
1470 3755 1684 3814 speftantia
1707 3787 1723 3812 ,
1754 3761 1791 3802 &
1831 3759 2076 3818 pertinentia
2107 3758 2308 3804 cesserunt
2332 3784 2350 3807 ,

2177 3826 2296 3873 prout
