2618 4108
836 254 964 344 ,Μ
986 251 1324 370 onferr
1350 279 1513 343 ate
1539 262 1773 345 nsis.

214 375 357 426 suerit,
370 371 422 418 ad
437 373 703 420 Catholicum
718 372 878 429 Regem
904 372 1100 416 mandato
1118 372 1252 417 nostro

212 431 484 494 proficiscitur
497 463 512 486 ‚
540 436 561 478 a
575 448 659 492 quo
673 431 888 484 beneficia,
902 432 942 475 in
957 431 1141 475 omnium
1155 443 1249 475 aeta·

2129 263 2301 370 269

1314 387 1394 416 vox
1410 374 1595 430 flagitat..
1622 373 1879 418 confidimus
1895 386 1995 431 ergo
2013 373 2077 416 Te
2095 371 2156 415 illi
2174 378 2357 420 authori-¹

1312 442 1399 476 tate
1417 434 1504 476 Tua
1530 432 1838 490 suffragaturum
1855 433 1934 478 effe
1951 463 1966 486 ‚
1990 446 2070 490 qua
2089 435 2129 475 ls
2145 442 2286 478 utatur
2300 435 2353 477 ad

212 505 303 540 tum
327 491 664 552 consequentium
682 491 917 537 memoriam
938 489 1179 542 clariffima,
1208 492 1248 534 in
1312 492 1446 535 nostra
1474 493 1640 548 negotia
1661 492 1840 537 celerius
1867 492 2154 537 conficienda.
2186 494 2237 537 ld
2263 494 2356 551 qui·

215 552 403 612 praesenti
428 566 567 597 rerum
587 551 820 597 discrimine
833 550 1069 594 Christianae
1088 550 1248 606 Reipu-
1309 551 1404 592 dem
1421 552 1445 595 ὲ
1462 550 1696 594 Nobilitate
1711 554 1796 595 Tua
1814 552 1962 596 obnixis
1976 567 2069 596 cum
2086 550 2351 607 postulemus,

217 613 336 662 blice
349 612 662 671 postulantque
675 606 1028 667 exspectatMulta
1042 619 1168 665 atque
1182 624 1254 666 op·

217 683 394 728 portuna
412 673 536 715 habes
548 699 563 724 ,
591 670 741 715 dilecte
755 668 831 713 Fili
843 696 857 720 ,
870 683 955 726 quo
969 666 1051 713 His
1043 668 1169 726 paniae
1183 682 1252 724 ap·

217 732 370 790 probes
387 729 688 788 Religiosorum
700 729 927 773 Hominum
948 731 1148 771 virtutem
1162 755 1176 778 ‚
1189 726 1257 769 ubi

217 792 244 834 ἓ
262 789 462 837 Claustris
484 801 607 846 atque
620 786 799 832 latibulis
827 789 868 830 in
887 790 1052 844 Regum
1067 786 1178 830 aulas
1193 786 1255 829 in-

223 846 595 898 troducuntuneffe
612 847 865 903 Reipublica-
880 847 995 891 statui
1010 845 1260 889 constituen-

220 909 281 954 do
292 908 531 954 salutarem·
565 906 745 952 Proinde
760 909 789 951 f
794 906 891 950 ratri
908 905 1172 961 Hyacinthe,
1188 905 1258 946 has

222 968 384 1013 litteras
396 965 620 1019 deserenti,
637 976 874 1023 tantamque
896 963 1054 1008 causam
1068 961 1257 1006 differen-

225 1026 262 1071 ai
275 1055 291 1080 ,
303 1026 479 1071 eandem
495 1051 510 1076 ,
534 1039 653 1083 quam
680 1025 810 1069 Nobis
837 1023 925 1081 ipiis
941 1052 957 1076 ,
969 1022 1094 1067 fidem
1108 1022 1259 1066 habere

225 1086 412 1145 poteris,
444 1087 566 1142 eique
581 1085 824 1129 auctoritate
840 1093 933 1134 tua,
946 1084 1072 1126 etiam
1099 1081 1261 1123 invoca-

226 1155 293 1191 tus
306 1144 449 1202 praesso
465 1142 589 1188 flieris
602 1175 614 1185 .
647 1147 798 1200 Neque
813 1142 924 1185 enim
940 1154 1152 1190 veremur,
1162 1138 1262 1195 quin

227 1204 437 1249 conlimile
451 1204 545 1248 vite
559 1202 781 1247 institutum
805 1200 924 1243 Facile
940 1200 1049 1242 inter
1064 1201 1148 1242 Vos
1163 1197 1265 1240 ami-

224 1263 367 1307 citiam
380 1264 577 1319 copulare
591 1259 708 1317 poffit
722 1289 736 1303 .
748 1261 872 1314 Agite
888 1271 991 1313 ergo
1006 1257 1114 1309 Viri,
1126 1258 1179 1299 ob
1194 1270 1264 1300 re-

224 1335 319 1366 rum
357 1322 626 1376 humanarum
651 1326 931 1374 contemptum
972 1317 1012 1360 in
1047 1315 1262 1373 conspectu

224 1380 461 1440 potentium
490 1378 750 1422 admirabiles
768 1404 784 1428 ,
812 1375 1130 1432 Rempublicam
1142 1376 1266 1419 Chri-

224 1440 394 1484 stianam
421 1437 614 1482 alacriter
626 1435 818 1493 capeffite
828 1461 842 1484 2
851 1434 1080 1480 consociate
1091 1433 1271 1486 confilia,

224 1498 326 1544 date
351 1511 520 1553 operam
537 1525 553 1548 ‚
582 1506 627 1538 ut
655 1496 696 1537 in
724 1494 934 1538 Catholici
965 1494 1092 1551 Regis
1114 1494 1268 1546 animo,

225 1557 395 1600 coeteris
416 1556 536 1599 rebus
563 1554 762 1609 neglectis
775 1582 790 1606 ,
815 1552 979 1608 Religio
1004 1551 1267 1610 pietasque-³

230 1616 495 1671 triumphet3
525 1624 572 1657 ut
587 1615 809 1657 Germania
822 1613 865 1654 δι
882 1613 1104 1666 Imperium
1127 1611 1265 1655 testari

228 1675 423 1719 universa
439 1677 608 1729 Europae
622 1671 839 1729 aliquando
853 1669 1012 1727 poffint,
1030 1669 1266 1727 Hispanien-

230 1736 329 1778 sium
345 1735 503 1790 Regum
518 1730 971 1789 potentiamCatholicae
983 1729 1170 1774 Eccleliae
1186 1743 1265 1773 non

230 1803 521 1838 ornamentum
537 1790 661 1835 modo
675 1821 691 1842 ,
715 1790 783 1834 sed
799 1790 1148 1847 propugnaculum
1162 1786 1264 1831 eise.

233 1852 329 1898 Tibi
348 1854 472 1904 vero,
505 1864 628 1909 quem
648 1850 778 1894 Nobis
794 1848 1051 1893 libentiffime
1065 1847 1268 1906 gratifica-

232 1921 369 1955 turum
393 1907 471 1953 effe
497 1907 742 1952 confidimus
759 1937 774 1960 ,
800 1908 1075 1964 Apostolicam
1094 1907 1268 1951 Benedi-

232 1971 407 2014 &ionem
425 1968 603 2012 nostram
627 1977 890 2023 peramanter
905 1967 1060 2011 iterum
1082 1967 1268 2024 imperti-

233 2042 325 2073 mur
340 2056 354 2072 .
386 2030 540 2072 Datum
561 2026 748 2083 uestepra
764 2053 777 2067 .

292 2149 356 2191 Ex
371 2148 467 2203 Reg.
476 2143 695 2205 praed-fol.
707 2153 806 2200 305.
1048 2149 1082 2167 ³''

455 2408 457 2411 ·
493 2379 674 2434 Eodem
702 2394 980 2451 argumento
996 2417 1010 2431 .

241 2503 282 2547 A
302 2509 423 2558 tergo
436 2514 451 2545 ε
482 2501 639 2545 ΒιἹιδῖο
654 2502 760 2547 Filia
773 2530 790 2553 ,
806 2500 943 2544 Nobili
964 2502 1053 2546 Viro
1066 2527 1083 2552 ,
1105 2499 1273 2560 Caspari

533 2562 678 2605 Comici
696 2563 742 2604 de
764 2559 943 2605 olivam
958 2587 971 2601 .

242 2681 846 2736 GREGORIUS
897 2681 1275 2731 PAPAXV.

340 2797 498 2843 Dua-He
510 2797 624 2851 Fila,
644 2797 794 2843 Nobilis
818 2796 884 2843 Vir
897 2825 914 2850 ,
937 2798 1114 2842 Salutem
1139 2797 1189 2848 θ’

450 2858 709 2916 Apostolicam
739 2854 1043 2902 Remedia-‘tionem
1057 2884 1071 2898 .

369 2977 594 3034 Ccepimus
610 2974 830 3020 Nobilitati
847 2975 944 3018 Tuae
959 2988 1049 3017 eam
1064 2981 1276 3017 mentem„

244 2981 363 3094 A
399 3035 586 3088 ineffe,ut
602 3038 772 3093 propriae
786 3032 1119 3091 Amplitudini‘l'e
1136 3028 1277 3075 consu-

242 3096 336 3139 lere
359 3096 588 3148 existimes,
613 3095 681 3139 ubi
707 3093 936 3138 Catholicae
963 3091 1192 3147 Religionis
1214 3089 1279 3133 di-

244 3154 389 3209 gnitati
405 3153 574 3198 inservis
588 3183 600 3196 .
617 3152 747 3210 Cujus
761 3152 901 3209 gloriae
915 3149 1192 3207 comparandae
1205 3150 1279 3192 Ti-

240 3213 284 3256 bi
308 3227 412 3256 nunc
429 3214 717 3269 opportunitas
739 3211 831 3256 sane
855 3225 934 3254 non
961 3209 1183 3253 mediocris
1204 3208 1278 3251 ad-

240 3271 399 3323 veniet,
445 3269 698 3316 roficiscente
713 3271 753 3313 in
773 3270 1007 3328 Hispaniam
1024 3269 1279 3324 Fr.Hyacin-

240 3332 317 3375 tho
339 3286 570 3380 Calglensi,
593 3329 810 3387 Capucino
825 3358 838 3371 .
869 3331 979 3372 Cum
996 3328 1106 3373 enim
1129 3329 1168 3371 in
1193 3327 1278 3384 ipso

241 3389 364 3434 nostri
390 3388 653 3434 pontificatus
674 3387 848 3431 exordio
869 3388 1016 3431 Virum
1032 3389 1141 3432 hunc
1155 3414 1170 3435 2
1187 3388 1279 3430 vitae

239 3448 495 3493 sanctimonia
510 3478 524 3501 ‚
549 3463 596 3492 ac
622 3447 866 3504 eloquentiae
883 3446 1068 3491 laudibus
1091 3447 1280 3490 celebra.

240 3518 347 3556 tum,
361 3508 400 3551 in
414 3506 677 3552 Germaniam
691 3503 1025 3563 ablegaviffemus
1039 3534 1055 3558 ,
1086 3516 1131 3550 ut
1145 3506 1279 3557 publi-

241 3581 331 3611 cam
345 3581 438 3610 cum
455 3566 628 3611 Romani
654 3568 824 3622 Imperii
848 3565 1104 3623 Principibus
1118 3563 1280 3608 causam

243 3636 386 3682 ageret
396 3653 412 3675 ,
425 3641 530 3670 nunc
545 3625 594 3671 ad
608 3625 874 3669 Catholicum
890 3626 1050 3681 Regem
1067 3624 1282 3676 mittimus,

243 3698 325 3740 quo
341 3687 574 3730 Germaniae
594 3684 847 3742 periclitanti
860 3685 911 3727 ab
925 3681 1178 3740 Hispanienfi
1206 3697 1283 3741 po·

244 3744 377 3787 tentia
392 3771 408 3795 ‚
433 3753 559 3800 atque
580 3745 737 3801 pietate
753 3773 766 3798 ,
791 3743 960 3788 subsidia
976 3744 1047 3786 illa
1065 3756 1279 3800 compare-

244 3815 333 3846 mus
346 3829 361 3853 ,
381 3817 466 3862 quae
480 3804 717 3848 Christiana:
731 3803 986 3859 Reipublicae
998 3803 1179 3860 pericula
1194 3803 1282 3846 exi·

243 3871 345 3919 gunt
359 3890 375 3916 ,
403 3865 439 3906 &
456 3863 717 3909 consentiens
728 3862 1043 3919 Catholicorum
1060 3863 1280 3909 omnium-a

1313 611 1353 652 ei
1369 608 1608 665 perinde,ac
1623 610 1752 652 Nobis
1775 610 2005 665 ipfis,credi
2024 611 2237 654 volumus.
2264 616 2357 671 Jam

1315 667 1413 712 varo
1438 668 1495 710 ita
1518 668 1660 723 gloriae
1686 669 1904 713 Nobilitati
1925 673 2020 714 Tuae
2039 668 2220 714 favemus
2236 700 2251 724 ,
2279 673 2356 715 Di-

1317 726 1423 769 leae
1442 726 1519 769 Fili
1534 753 1549 777 ,
1577 737 1622 769 ut
1641 728 1850 782 cupiamus
1869 732 1930 772 Te
1956 730 2204 786 optimorum
2219 732 2353 774 confi-

1314 786 1465 828 liorum
1479 799 1560 827 non
1577 786 1822 843 participem
1845 787 1970 830 modo
1983 816 1998 840 ,
2022 784 2091 831 sed
2107 792 2354 834 mitiorem-o

1315 844 1356 886 in
1373 841 1641 900 Hispaniensis
1655 844 1770 887 Aulae
1786 845 2032 893 celebritate
2047 847 2258 904 praedicari
2274 879 2287 892 .

1375 904 1531 946 Datum
1546 914 1593 947 ut
1601 902 1735 961 stepra
1749 933 1760 945 .

1379 1023 1442 1065 Ex
1467 1019 1623 1080 Regesto
1639 1021 1766 1078 pred.
1777 1019 1862 1080 sol.
1879 1024 1979 1078 308.

1586 1257 1765 1309 Eodem
1795 1274 2070 1331 argumento
2090 1297 2104 1311 .

1329 1388 1368 1432 A
1384 1394 1530 1443 tergo:
1554 1385 1709 1431 Ditem
1721 1386 1852 1440 Filio,
1877 1388 2014 1432 Nobili
2036 1392 2123 1435 Viro
2138 1418 2153 1442 ,
2185 1391 2239 1434 N.
2253 1392 2365 1435 Duc)

1688 1446 1736 1490 dc
1759 1447 1997 1507 Infhntado-

1328 1566 1921 1622 GREGORIUS
1975 1571 2181 1619 PAPA
2237 1572 2358 1620 XV.

1396 1684 1552 1728 Dilene
1579 1684 1664 1730 Fili
1682 1711 1699 1736 ,
1729 1682 1883 1727 Nobilis
1916 1685 1983 1728 rfr
1998 1714 2015 1736 ,
2035 1684 2214 1744 salutem
2243 1689 2292 1738 θ’

1528 1743 1788 1803 Apostolicam
1815 1742 2124 1788 Benediels‘onem
2142 1774 2156 1791 .

1460 1853 1564 1895 Ecet
1581 1852 1769 1909 egregios
1792 1851 1914 1894 Viros
1929 1880 1944 1904 ,
1972 1866 2149 1909 quorum
2176 1868 2364 1899 nomen..-

1469 1911 1674 1970 Majorum
1689 1910 1895 1955 claritudo
1910 1910 1945 1954 sa
1953 1926 2020 1954 mae
2034 1915 2363 1966 commendavit,

1328 1985 1410 2014 non
1427 1968 1496 2014 fibi
1511 1970 1796 2014 tantummodo
1808 2000 1824 2022 ,
1853 1971 2079 2028 Patriaeque
2099 1973 2336 2030 prospicere
2348 2001 2365 2026 ,

1327 2029 1395 2074 sed
1411 2039 1570 2074 exteras
1583 2042 1748 2086 quoque
1763 2030 1968 2073 Nationes
1981 2031 2079 2075 cura
2093 2059 2108 2082 ,
2133 2031 2364 2076 beneficiis-

1327 2102 1408 2146 que
1429 2088 1642 2144 complere
1655 2117 1667 2131 .
1701 2091 1850 2146 Neque
1867 2089 1993 2133 minus
2010 2104 2081 2145 par
2099 2090 2368 2142 est,Catholi-

1328 2162 1400 2194 cos
1416 2149 1626 2206 Principes
1641 2147 1740 2191 nihil
1753 2151 1777 2194 a
1794 2146 1871 2191 suis
1887 2150 2134 2194 Nationibus
2151 2152 2368 2194 alienum„

1329 2207 1562 2252 existimare
1575 2236 1591 2260 ‚
1615 2206 1727 2264 quod
1743 2211 1793 2251 ad
1808 2207 2038 2263 Religionis
2053 2211 2093 2252 δι
2111 2211 2247 2253 Divini
2261 2210 2366 2254 Cul-

1330 2266 1396 2310 tfis
1420 2266 1664 2322 dignitatem
1692 2267 1929 2322 pertineat·
1962 2270 2056 2310 Non
2084 2268 2142 2311 est
2166 2282 2268 2325 ergo
2293 2283 2369 2314 cur

1331 2338 1576 2377 vereamur,
1601 2336 1646 2368 ut
1664 2325 1886 2369 Nobilitati
1908 2327 2003 2369 Tuae
2015 2327 2232 2382 gratiffima
2258 2326 2371 2371 futu-

1332 2399 1378 2430 ra
1403 2386 1449 2426 sit
1477 2399 1525 2428 ea
1547 2385 1705 2427 occafio
1725 2385 1948 2429 Germaniae
1974 2384 2187 2442 juvandae,
2217 2400 2264 2428 ac
2281 2391 2370 2431 Ca-

1332 2444 1476 2487 tholici
1492 2443 1663 2486 nominis
1678 2442 2091 2499 amplificandi,quam
2110 2446 2201 2488 Tibi
2214 2460 2369 2501 prope-

1331 2503 1444 2546 diem
1458 2503 1656 2547 allaturus
1672 2502 1730 2545 est
1743 2502 1947 2547 adventus
1970 2503 2121 2546 Dileffi
2149 2504 2241 2548 Filii
2265 2507 2368 2547 Fra-

1335 2564 1406 2606 tris
1421 2562 1663 2620 Hyacinthi,
1675 2563 1875 2618 Capucini
1888 2588 1903 2612 ,
1925 2562 1947 2604 a
1961 2577 2045 2619 quo
2059 2564 2129 2606 has
2145 2564 2288 2607 literas
2303 2579 2373 2606 ac-

1334 2623 1462 2679 cipies
1475 2651 1488 2664 .
1505 2621 1573 2664 Ab
1590 2635 1658 2674 eo,
1670 2621 1884 2677 quemvitae
1900 2622 2137 2676 integritate
2153 2625 2216 2675 ,&
2231 2637 2372 2667 rerum

1335 2681 1480 2738 peritia
1495 2679 1746 2738 prestantem
1772 2679 2007 2736 graviffimis
2023 2684 2197 2736 negotiis
2223 2697 2373 2725 curan-

1334 2741 1399 2784 dis
1413 2739 1464 2785 ad
1478 2738 1745 2784 Catholicum
1760 2741 1920 2796 Regem
1939 2740 2192 2797 ablegamus,
2208 2741 2372 2785 ubr⁴rius

1334 2798 1762 2856 cognosces,quantcim
1780 2799 1926 2855 pietati
1942 2810 2020 2842 tuae
2035 2802 2255 2845 tribuamus
2268 2828 2282 2850 ,
2300 2815 2373 2843 cu-

1334 2859 1397 2917 jus
1424 2859 1714 2902 authoritatem
1744 2857 1942 2913 Hispaniae
1964 2859 2180 2914 gloriosam
2197 2890 2211 2913 ,
2235 2863 2373 2915 Impe-

1336 2918 1400 2962 rio
1428 2919 1530 2960 vero
1555 2918 1595 2959 &
1619 2916 1829 2973 Religioni
1855 2915 2071 2961 salutarem
2086 2918 2176 2962 fore
2202 2916 2374 2961 confidi-

1336 2989 1425 3019 mus
1439 3004 1451 3017 .
1476 2978 1543 3019 Ne
1556 2989 1604 3018 ea
1621 2979 1709 3019 Noa
1731 2974 1815 3032 spes
1828 2975 2007 3033 decipiat
2024 3006 2038 3029 ‚
2063 2978 2240 3028 enitere,
2258 2977 2372 3020 Dile-

1335 3038 1399 3077 ἂι
1424 3034 1527 3087 Fili,
1547 3034 1710 3079 Nobilis
1724 3036 1833 3083 Vir,
1861 3044 1983 3090 atque
2012 3036 2087 3078 toti
2113 3038 2282 3090 Europae
2309 3046 2373 3079 te-

1339 3095 1456 3146 stare,
1472 3095 1534 3136 Te
1550 3093 1751 3150 Majorum
1783 3103 1947 3137 tuorum
1962 3094 2189 3138 imitatione
2217 3094 2374 3138 institu-

1337 3163 1439 3202 tum,
1457 3153 1668 3196 maximam
1682 3153 1855 3209 gloriam
1874 3154 2195 3209 praecipuamque
2220 3151 2372 3197 foelici-

1338 3222 1469 3255 tatem
1493 3213 1533 3254 in
1568 3225 1669 3255 verae
1702 3211 1933 3262 Religionis
1956 3212 2275 3268 amplificatione
2299 3228 2373 3269 po-

1338 3268 1452 3314 suiffe
1464 3299 1479 3313 .
1508 3270 1560 3313 Ei
1572 3285 1674 3326 ergo
1686 3270 1867 3321 eandem
1880 3299 1895 3323 ,
1922 3285 2043 3327 quam
2059 3272 2190 3315 Nobis
2206 3301 2220 3324 ‚
2248 3270 2371 3316 fidem

1337 3331 1490 3373 habere
1513 3331 1668 3385 poterit
1694 3330 1903 3374 Nobilitas
1933 3333 2052 3383 Tua,
2077 3332 2142 3375 cui
2169 3332 2372 3387 Apostoli-

1337 3403 1428 3434 cam
1447 3389 1777 3434 Benedictionem
1802 3401 2062 3447 peramanter
2087 3391 2373 3450 impertimur·

1397 3450 1549 3492 Datum
1577 3448 1788 3508 utfitpra.

1399 3571 1465 3614 Εκ
1484 3566 1609 3613 eodum
1633 3565 1885 3628 Regestafik
1913 3581 2011 3628 309.
2038 3530 2043 3536 ·

2234 3924 2319 3969 Eo-
