2618 4108
738 196 1091 315 Custodia
1151 197 1781 320 Monftrratensts
1803 203 1831 289 ’.

2094 230 2267 316 237

227 315 418 377 stituta'}
450 314 604 367 hilaris
635 315 749 366 vero
782 317 958 386 semper
987 329 1137 365 mente
1170 334 1223 366 ac
1251 321 1418 378 vultu,
1448 321 1495 369 in
1510 323 1827 387 proximorum
1864 317 2004 371 salute
2034 326 2321 390 cooperatrix

226 389 482 458 Angelica3
516 388 909 455 Imperatoribus,
941 386 1176 455 Regibus,
1212 388 1467 459 caeterisque
1481 391 1764 458 Principibus
1798 388 1978 442 summo
1993 392 2166 443 honore
2195 393 2319 443 habi-

226 472 306 508 ta:
341 459 504 508 ultima
525 457 785 508 valetudine
819 455 953 507 radiis
987 454 1204 506 solaribus
1229 458 1528 531 circumsepta
1545 478 1696 519 ,nova
1724 463 1915 514 Amoris
1946 464 2163 530 Seraphin
2192 464 2321 512 vola-4

223 529 293 579 vit
318 527 377 578 ad
403 525 631 597 Sponsum
657 531 794 578 Anno
824 524 1068 576 millesimo
1104 524 1423 580 sexcentesimo
1457 528 1787 602 septuagesimo
1821 533 1973 602 primo
2012 532 2157 602 pridie
2198 532 2317 586 Idus

223 597 461 649 Februarii
491 598 565 648 die
584 599 720 666 Jovis
746 597 857 646 hora
891 610 1052 662 quarta
1069 631 1082 646 .

359 667 563 720 Mansssre
587 669 711 732 hujus
743 665 947 717 Custodiae
973 666 1221 720 Conventus
1244 668 1496 721 ‘Provt‘nciae
1509 669 1710 739 Januensi
1727 675 1985 737 incorporati
2013 672 2134 741 usqae
2160 672 2221 723 ad
2244 689 2318 722 an—

223 757 319 789 num
333 773 351 798 ,
379 757 457 808 quo
482 737 742 804 Pontg'jsciunt
756 737 1019 808 Refiriptum
1035 771 1053 798 ‚
1066 738 1169 791 Eam
1183 736 1474 807 Custodiam&
1494 740 1854 808 Reverendffmo
1883 740 1935 792 P.
1953 742 2150 794 Gener-ali
2170 743 2318 811 depen-

220 809 386 859 dentem
399 809 642 860 declara-vit
659 843 675 860 .

781 877 924 930 Habet
956 877 1116 947 dqfaflo

856 948 1099 1001 Conventus
1127 949 1328 999 fratrum
1359 965 1435 1001 vt.

846 1017 1147 1087 Moncsserium
1185 1018 1446 1070 Monialium
1488 1037 1535 1071 1.

1035 1155 1150 1170 κ

221 1263 440 1311 Veterem
473 1255 688 1307 Civitatis
719 1251 966 1305 Casalenfis
994 1257 1241 1305 Domum-2

291 1347 346 1378 ex
363 1328 514 1378 vicino
531 1343 658 1393 aquae
682 1321 810 1391 lapsu
833 1323 882 1374 ὅ(
902 1323 1119 1374 morboso
1138 1328 1240 1374 a‘e‘re

228 1455 230 1458 ¹
284 1395 538 1448 infestatam
566 1395 776 1444 demoliri
799 1428 815 1453 ‚
848 1394 982 1445 fitum
1015 1399 1109 1459 ejus
1136 1413 1239 1446 ven-

283 1466 364 1526 di,
391 1485 444 1516 ac
473 1464 802 1533 supelleffllem
831 1464 1036 1515 Ecclefiae
1069 1465 1127 1515 ad
1157 1484 1240 1516 no-

287 1553 400 1585 vam
430 1540 641 1586 Domum
668 1532 968 1602 transportari
995 1571 1012 1594 ,
1050 1538 1240 1586 Vicario

283 1608 504 1656 Generali
529 1641 547 1665 ‚
592 1604 643 1656 δε
686 1603 931 1674 Praeposito
967 1605 1077 1658 inibi
1116 1623 1240 1656 com-

284 1689 462 1727 mittit.

212 1819 253 1861 A
272 1818 417 1871 tergo}
448 1814 662 1860 Venerabili
676 1817 822 1862 Fratri
837 1808 1015 1873 Epifiopo
1038 1815 1213 1869 Casblcn.
1226 1843 1242 1868 ‚

253 1876 335 1934 stu
352 1874 432 1931 ejus
451 1874 494 1915 in
501 1874 792 1929 spiritualibus
815 1877 960 1917 Vicat-io
975 1876 1184 1927 Geni-rati,

338 1934 393 1984 &-
417 1931 574 1974 Dileblo
589 1931 920 2046 FigffiZZpfito
946 1930 1115 1989 Ecclcstae

212 2118 839 2174 GREGORIUS
889 2121 994 2170 ΡΡ.
1048 2122 1241 2171 XIII.

254 2244 489 2291 Venerabilis
502 2247 648 2288 Frater
662 2271 678 2294 ,
703 2243 752 2292 ζῇ·
768 2245 920 2286 Βὶῖεὲἶε
947 2246 1028 2290 Fili
1037 2248 1212 2302 salutem

382 2304 431 2360 ὅ
461 2301 714 2359 Apostolicam
742 2302 1048 2348 BenedtHionem
1063 2336 1078 2350 .

319 2419 456 2477 Xponi
481 2419 610 2462 Nobis
627 2430 757 2474 nuper
773 2416 963 2462 fecerunt
978 2421 1127 2465 Dilee'ti
1149 2421 1242 2465 Filii

347 2478 606 2522 Guardianus
621 2479 662 2518 &
677 2480 838 2520 Fratres
854 2479 1007 2522 Domus
1023 2484 1065 2523 S.
1082 2480 1241 2522 Franci·

216 2542 272 2583 sci
291 2537 463 2581 Ordinis
479 2538 660 2579 Fratrum
682 2535 1244 2592 Minorum2Capucinorum.)

215 2607 683 2652 nuncupatorum,prope
706 2596 746 2636 &
770 2603 884 2637 extra
899 2610 1033 2637 muros
1047 2597 1240 2640 Civitatis

215 2654 403 2699 Casalen.
415 2681 430 2704 ‚
447 2653 554 2710 quod
571 2653 676 2694 dieta
692 2655 846 2696 Domus
860 2653 899 2695 in
916 2653 1022 2709 pede
1037 2653 1238 2710 cujusdam

216 2714 377 2756 Montis
398 2713 468 2755 fita
481 2740 495 2762 ,
525 2713 565 2752 &
578 2711 630 2752 ob
646 2724 841 2767 aquarum
858 2712 1052 2755 continuo
1068 2726 1116 2754 ex
1131 2712 1238 2753 dieto

216 2775 364 2814 Monte
378 2769 614 2812 cadentium
630 2768 780 2811 fluxum
793 2798 808 2821 ,
824 2783 957 2813 muros
976 2772 1016 2811 &
1041 2769 1238 2813 aedificia..

217 2831 333 2884 iplius
357 2826 510 2872 Domus
523 2827 758 2871 rodentium
772 2855 787 2878 ‚
817 2827 923 2869 adeo
935 2826 1208 2870 consummata
1223 2855 1240 2879 ‚

215 2889 309 2930 &in
324 2896 483 2929 tantum
498 2884 722 2941 periculum
743 2883 902 2930 redacta
919 2886 1052 2928 existit
1066 2913 1082 2936 ,
1108 2895 1150 2927 ut
1164 2886 1238 2928 in..-

215 2946 323 2988 illius
342 2944 600 3000 reparatione
621 2941 795 2997 majores
818 2945 995 2998 expensae
1012 2969 1027 2992 ‚
1058 2957 1175 2998 quam
1199 2944 1242 2985 in

216 3004 389 3047 alterius
422 2999 575 3045 Domfis
607 3014 713 3044 nova
751 2999 1018 3043 aedificatione
1053 2999 1141 3042 fieri
1172 3000 1243 3043 de-

217 3063 344 3105 beant
358 3090 374 3114 ,
403 3062 443 3103 &
459 3061 558 3103 licet
583 3058 660 3114 ipsa
672 3069 933 3114 repararetur
950 3059 1003 3101 de
1017 3072 1128 3101 novo
1139 3087 1154 3110 ‚
1186 3059 1245 3101 ni·

221 3120 443 3163 hilominus
458 3118 567 3174 lapsu
581 3120 621 3159 δι
632 3116 803 3160 decursu
818 3131 1009 3173 aquarum
1036 3116 1244 3173 praedie'ta-

221 3193 311 3222 rum
327 3177 691 3225 consummeretur‚
703 3174 800 3218 dum
813 3178 851 3217 &
867 3175 946 3231 ipsa
961 3179 1113 3218 Domus
1123 3175 1244 3217 meri-

222 3238 307 3280 diei
318 3236 496 3291 opposita
509 3262 525 3286 ‚
551 3237 590 3276 δι
610 3233 721 3288 juxta
747 3234 898 3276 flumen
915 3233 1068 3277 Padum
1082 3233 1213 3276 existit
1228 3260 1244 3284 ,

222 3299 263 3338 in
276 3293 387 3350 cujus
403 3294 493 3349 ripa
507 3294 561 3343 ,δι
576 3304 702 3348 prope
715 3289 858 3334 dietam
873 3294 1049 3334 Domum
1061 3291 1167 3334 coria
1182 3292 1244 3333 di-

221 3359 293 3397 etae
318 3352 511 3396 Civitatis
542 3348 818 3405 graveolentia
848 3349 1126 3393 extenduntur
1145 3377 1160 3400 ‚
1191 3363 1242 3391 ex

222 3424 397 3470 quorum
425 3410 554 3453 fetido
573 3407 732 3454 odore,
755 3409 796 3449 ὅτ.
819 3408 992 3450 fluminis
1015 3407 1241 3466 hujusmodi

223 3469 437 3514 vicinitate
459 3472 530 3510 ae'r
549 3467 645 3508 inibi
668 3476 751 3507 tam
767 3465 969 3509 morbosus
983 3495 998 3519 ,
1024 3469 1064 3508 δι
1078 3465 1241 3522 pestifer

223 3528 440 3578 redditur,
465 3535 510 3568 ut
534 3526 667 3567 aestivo
694 3534 877 3579 tempore
891 3524 1175 3576 Guardianus‚
1199 3526 1239 3565 δε

225 3591 395 3630 Fratres
412 3583 584 3640 praedid'ti
599 3592 667 3626 aut
680 3583 910 3626 moriantur
922 3611 936 3634 ‚
961 3594 1031 3626 aut
1047 3583 1172 3625 talem
1187 3582 1241 3623 in-

223 3645 462 3688 firmitatem
481 3642 722 3684 contrahant
748 3669 764 3692 ‚
800 3650 848 3684 ut
874 3643 1023 3685 nedum
1044 3642 1083 3683 in
1106 3641 1241 3684 dieta...

224 3705 364 3747 Domo
377 3730 391 3753 ,
416 3701 481 3744 sed
496 3715 573 3743 nec
587 3700 728 3755 quovis
742 3698 822 3743 alio
836 3700 927 3743 loco
940 3729 953 3751 ‚
970 3709 1038 3743 aut
1051 3699 1126 3741 alia
1139 3713 1239 3755 qua-

223 3764 331 3820 piam
345 3761 446 3804 aeris
461 3759 686 3816 mutatione
697 3758 834 3803 curari
846 3757 992 3816 poffint
1005 3788 1021 3813 ‚
1049 3757 1238 3816 ipfiquza‘

1301 1253 1559 1298 Guardianus
1570 1256 1611 1297 δε
1623 1257 1785 1299 Fratres
1798 1257 1822 1299 a
1835 1259 1970 1301 Domo
1982 1259 2021 1300 δι
2033 1256 2215 1301 Civitate
2230 1271 2324 1311 prae.

1300 1315 1416 1357 dictis
1430 1342 1444 1365 ‚
1470 1314 1541 1357 nifi
1565 1314 1665 1358 alius
1679 1315 1932 1358 commodior
1956 1319 1996 1359 &
2020 1314 2152 1358 sanior
2176 1316 2291 1358 locus
2305 1343 2323 1367 ,

1300 1374 1342 1415 in
1357 1386 1438 1425 quo
1456 1372 1639 1416 habitare
1656 1373 1796 1429 poffint
1810 1401 1826 1425 ,
1845 1374 2059 1428 affignetur
2075 1402 2090 1425 ‚
2108 1374 2322 1416 discedere

1301 1439 1495 1486 cogantur
1509 1444 1525 1484 3
1537 1431 1577 1474 id
1589 1431 1861 1487 quod¹DileEti
1879 1434 1970 1476 Filii
1987 1433 2269 1477 Communitas
2283 1434 2324 1474 δε

1300 1489 1497 1532 Homines
1511 1489 1623 1532 die'tae
1644 1490 1838 1535 Civitatis
1850 1492 2222 1535 animadvertentes
2237 1492 2327 1545 pie-

1299 1549 1395 1591 tatis
1417 1548 1457 1588 &
1481 1546 1714 1591 devotionis
1733 1550 1824 1591 zelo
1840 1551 1941 1592 moti
1960 1579 1975 1602 ‚
2001 1563 2048 1592 ac
2063 1548 2164 1605 ipsos
2189 1553 2326 1592 Guar-

1299 1606 1464 1649 dianum
1476 1606 1515 1646 &
1529 1608 1695 1649 Fratres
1709 1607 1749 1648 in
1764 1607 1868 1650 dieta
1887 1609 2071 1651 Civitate
2086 1620 2325 1662 permanere

1297 1664 1508 1720 cupientes
1523 1690 1538 1712 a
1565 1677 1635 1706 eos
1659 1666 1727 1707 sub
1747 1664 1815 1721 spe
1830 1666 1946 1710 aliam
1963 1669 2140 1708 Domum
2162 1666 2200 1708 in
2225 1666 2322 1708 loco

1299 1722 1477 1767 melioris
1492 1723 1593 1767 a‘e‘ris
1606 1721 1828 1768 aedificandi
1844 1726 2035 1768 haetenus
2049 1724 2321 1772 retinuerunt,

1300 1798 1348 1826 ac
1361 1782 1574 1837 quamdam
1598 1782 1717 1825 aliam
1738 1784 1911 1826 Domum
1925 1798 2000 1838 pro
2025 1781 2190 1825 illorum
2207 1783 2325 1825 habi-

1299 1841 1460 1884 tatione
1475 1841 1514 1881 in
1530 1840 1650 1895 plano
1663 1841 1777 1883 diaae
1795 1843 1985 1886 Civitatis
1998 1842 2093 1884 boni
2110 1842 2211 1884 aeris
2229 1869 2242 1892 ,
2272 1841 2326 1885 de

1299 1898 1490 1942 consensu
1509 1899 1656 1941 Dileeti
1675 1898 1763 1942 Filii
1780 1902 1942 1944 Nobilis
1959 1901 2048 1943 Viri
2066 1901 2189 1942 Ducis
2206 1903 2328 1942 Man-

1300 1966 1396 2008 tuae,
1415 1971 1467 1999 ex
1479 1957 1553 2013 piis
1569 1956 1904 2002 Christifidelium
1919 1956 2182 2014 eleemosynis
2203 1957 2329 2000 aedifi·-v

1295 2013 1380 2059 ‘cari
1402 2014 1535 2058 facere
1548 2025 1793 2071 coeperunt3
1808 2020 1895 2067 et‚s1
1911 2016 2090 2060 Ecclesia
2107 2016 2218 2059 dietae
2237 2019 2328 2059 Do-

1300 2075 1389 2118 mus
1413 2075 1764 2130 prophanaretur,
1793 2077 1832 2118 &
1856 2077 1898 2118 in
1918 2091 1966 2119 ea
1987 2075 2105 2118 status
2119 2104 2134 2126 ,
2161 2073 2323 2128 forma,

1302 2135 1343 2176 &
1357 2130 1522 2176 essentia
1536 2161 1550 2183 ,
1563 2147 1609 2175 ac
1622 2133 1738 2176 Ordo
1751 2135 1953 2190 perpetuo
1968 2132 2290 2189 supprimeretur
2306 2163 2322 2186 ,

1303 2193 1346 2233 &
1358 2192 1669 2246 extingueretur
1683 2219 1698 2242 ‚
1712 2205 1759 2234 ac
1774 2191 1878 2236 dicta
1892 2193 2071 2235 Ecclesia
2084 2219 2099 2243 ‚
2127 2193 2166 2233 &
2179 2206 2328 2235 eorum

1305 2253 1550 2292 Conventus
1563 2277 1578 2299 ‚
1604 2263 1651 2291 ac
1667 2247 1833 2292 aedificia
1849 2250 1980 2293 omnia
1994 2249 2299 2293 demolirentur
2311 2276 2328 2300 ‚

1301 2308 1343 2348 &
1355 2308 1459 2349 bona
1474 2307 1584 2349 did'tae
1600 2305 1754 2350 Domfis
1771 2308 1863 2362 plus
1885 2308 2074 2351 offerenti
2091 2307 2329 2351 venderen-

1302 2374 1371 2408 tur
1386 2392 1401 2416 ‚
1433 2364 1686 2420 pretiumque
1710 2366 1858 2409 exinde
1875 2366 2121 2422 proveniens
2147 2366 2187 2407 in
2211 2367 2326 2410 dinae

1303 2421 1458 2466 Domt'is
1481 2422 1563 2478 jam
1575 2421 1762 2465 aedificari
1775 2432 1901 2479 ceptae
1914 2423 2207 2479 perfectionem
2223 2438 2324 2468 con-¹

1303 2491 1537 2524 verteretur
1550 2510 1567 2532 ‚
1597 2494 1648 2523 ex
1675 2482 1751 2523 hoc
1783 2480 1965 2538 profesto
1993 2495 2108 2524 novae
2136 2481 2324 2527 Ecclefiae

1301 2538 1583 2590 aedificationi,
1595 2553 1641 2581 ac
1655 2539 1826 2595 ipsorum
1838 2539 2061 2583 Guardiani
2078 2541 2117 2581 &
2133 2543 2324 2584 Fratrum

1294 2598 1483 2654 ,corporis
1497 2597 1656 2640 sanitati
1668 2598 1888 2654 plurimum
1900 2599 2191 2641 consuleretur.
2206 2603 2324 2660 Qa-

1300 2671 1346 2699 re
1361 2670 1436 2712 pro
1456 2665 1569 2711 parte
1583 2656 1824 2699 eorumdem
1839 2657 2062 2700 Guardiani
2077 2658 2115 2699 &
2130 2660 2323 2701 Fratrum

1298 2713 1553 2759 afferentium
1570 2714 1848 2757 venditionem
1863 2713 2134 2772 hujusmodi,fi
2152 2716 2236 2768 fiat,
2247 2717 2321 2759 in.‚

1298 2772 1536 2817 evidentem
1558 2772 1779 2814 utilitatem
1797 2775 1910 2816 dizftae
1927 2772 2078 2816 Domus
2093 2772 2319 2818 cessuram-

1301 2828 1379 2873 effe
1393 2858 1408 2881 ‚
1431 2830 1560 2873 Nobis
1574 2828 1651 2872 fuit
1667 2831 1874 2873 humiliter
1897 2830 2163 2887 supplicatum
2177 2861 2190 2883 ,
2222 2846 2324 2887 qua-

1302 2898 1419 2930 tenus
1432 2902 1572 2931 eorum
1586 2889 1702 2931 statui
1715 2891 1755 2931 in
1772 2890 1968 2944 praemiffis
1985 2890 2213 2946 opportune
2225 2903 2322 2944 pro-

1303 2945 1448 2988 videre
1461 2945 1514 2987 de
1530 2946 1779 3002 benignitate
1795 2950 1830 2989 A
1836 2946 2031 3002 postolica
2047 2947 2322 3003 dignaremur.

1361 3007 1448 3046 Nos
1473 3003 1594 3059 igitur
1613 3013 1769 3047 certam
1793 3005 1846 3046 de
1870 3004 2067 3059 praemiffis
2091 3004 2324 3047 notitiam-a

1302 3075 1384 3105 non
1403 3062 1599 3105 habentes
1614 3091 1630 3114 ‚
1659 3076 1704 3105 ac
1719 3062 1993 3105 Guardianum
2008 3065 2048 3104 &
2062 3065 2225 3105 Fratres
2243 3064 2324 3106 hu-

1301 3120 1501 3178 jusmodi,
1522 3133 1568 3162 ac
1593 3134 1735 3162 eorum
1751 3121 1974 3175 quemlibet
1989 3120 2009 3162 a
2026 3121 2227 3175 quibusvis
2250 3135 2323 3164 ex-

1301 3177 1633 3221 coffiunicationis
1649 3180 1726 3220 &c-
1741 3177 1967 3227 censentes,
1983 3177 2206 3234 hujusmodi
2233 3179 2325 3236 sup-

1302 3235 1584 3292 plicationibus
1599 3235 1804 3287 inclinati,
1822 3239 2081 3280 Frater-nitati
2097 3240 2206 3285 Tuae,
2221 3240 2323 3280 Fra-l

1301 3304 1369 3337 ter
1389 3292 1585 3350 Episcope
1597 3323 1612 3346 ,
1638 3297 1676 3336 &
1705 3293 1945 3338 Discretioni
1961 3297 2055 3338 Tuae
2071 3324 2085 3348 ,
2111 3296 2187 3339 Fili
2216 3299 2322 3340 Prae-

1301 3350 1427 3408 polita
1441 3379 1456 3403 ,
1478 3365 1551 3405 per
1566 3354 1777 3408 praesentes
1793 3353 2082 3397 committimus
2096 3357 2135 3396 δε
2149 3354 2319 3396 manda-

1301 3423 1386 3451 mus
1397 3437 1412 3461 ,
1426 3418 1625 3464 quatenus
1641 3412 1726 3453 Vos
1741 3410 1795 3452 de
1814 3411 2008 3465 praemissis
2022 3412 2242 3468 diligenter
2257 3413 2320 3454 in-

1297 3466 1483 3512 formetis
1499 3496 1515 3520 ‚
1538 3469 1578 3508 &
1592 3469 1642 3518 ,ss
1657 3482 1731 3523 per
1747 3465 2074 3514 informationem
2091 3470 2316 3526 hujusmodi

1298 3523 1486 3583 praemiffa
1511 3526 1685 3568 veritate
1709 3527 1784 3568 niti
1809 3530 2022 3583 reperietis
2047 3557 2062 3580 ‚
2091 3530 2206 3583 super
2233 3542 2315 3583 quo

1300 3583 1588 3626 conscientiam
1620 3582 1789 3627 vestram
1819 3599 2036 3629 oneramus
2060 3615 2075 3637 ‚
2109 3589 2318 3630 Domum.-

1298 3641 1500 3698 praefatam
1514 3666 1529 3688 a
1543 3654 1588 3682 ac
1604 3642 1643 3683 in
1657 3655 1705 3684 ea
1721 3643 1865 3686 statum
1881 3673 1894 3695 ,
1914 3645 2086 3688 formam
2100 3671 2114 3694 ,
2139 3646 2176 3685 &
2191 3641 2324 3686 essen-

1297 3701 1394 3742 tiam
1409 3729 1425 3751 ,
1440 3713 1486 3741 ac
1501 3698 1701 3742 Ordinem
1716 3703 1917 3758 perpetuo
1932 3704 2180 3759 supprimere
2197 3702 2235 3742 δε
2250 3714 2321 3743 ex.

1296 3760 1484 3816 tinguere
1497 3786 1513 3812 ,
1537 3756 1722 3816 illiusque
1737 3761 1960 3805 Ecclefiam
1976 3761 2179 3858 prophapa
2187 3772 2230 3801 re
2246 3787 2259 3810 ,
2273 3773 2322 3803 ac

1381 3847 1384 3849 Α
2116 3817 2128 3858 i
2150 3819 2232 3861 lam
2247 3845 2263 3869 ,
