2664 4114
879 221 1573 338 Rhegi‘ensis'.

411 339 453 379 D
514 341 547 381 E
609 341 647 383 C
707 339 746 382 R
806 336 841 378 E
910 340 940 378 Γ
999 340 1038 379 O

392 425 394 427 ι
414 455 461 504 S.
477 458 606 527 Cong.
625 457 758 524 Epist.
775 456 829 503 (θ’
846 454 1001 523 Regul.

197 573 410 624 Tertiam
429 590 606 642 partem
625 575 881 624 reddituum
912 593 966 623 ex
983 575 1222 629 testamen-

266 658 314 694 to
333 645 556 695 Francisci
572 645 761 695 Milardi
791 644 1056 695 rehROrum
1078 667 1220 700 cunh

262 719 400 765 tertia
427 716 553 784 parte
566 715 975 765 instrumentorum
989 719 1081 766 (Sic.
1100 737 1221 768 novo

262 789 476 836 Fratrum
496 788 735 835 Flumariae
753 787 1100 837 Valetudinario
1117 807 1221 837 con—

215 871 218 874 ·
259 854 430 926 fignari
448 857 710 925 indulgetur
723 892 736 905 .

244 981 542 1040 Eminentffmi
555 1012 570 1035 ‚
592 997 636 1026 ac
652 986 962 1044 Reverendffmi
975 987 1159 1030 Domini.

292 1102 344 1142 R.
362 1100 591 1145 Franciscus
608 1103 657 1144 ab
675 1106 770 1147 Urti
787 1104 1063 1153 Guardianus,
1079 1105 1119 1144 &
1136 1108 1220 1145 Ma—

306 1160 426 1215 gister
443 1161 704 1203 Novitiorum
717 1165 997 1217 FF-Capucin.
1013 1166 1108 1204 Loci
1130 1164 1216 1203 Flu.

187 1219 348 1268 mariae,
381 1218 602 1259 Provinciae
636 1220 834 1263 Calabriae
866 1223 972 1262 ultra
991 1249 1005 1270 ‚
1039 1221 1217 1262 humilii·

184 1289 274 1317 mus
289 1275 437 1317 Orator
454 1276 692 1319 EEVestris
714 1278 879 1334 supplex
896 1281 1063 1335 exponit
1083 1308 1095 1330 ‚
1120 1295 1219 1335 qua-

185 1334 284 1376 liter
302 1333 586 1376 D.Franciscus
599 1337 804 1381 Melardus
818 1340 1046 1381 CivitatisR
1057 1339 1217 1394 begien-

182 1394 230 1434 fis
244 1389 435 1435 Clericus
450 1394 594 1448 quinto
614 1398 720 1436 Nov.
737 1411 829 1440 anni
854 1411 972 1448 ¹710·
1001 1413 1071 1453 per
1087 1402 1217 1440 adium

182 1451 292 1493 inter
319 1451 433 1494 vivos
449 1480 462 1503 ‚
493 1453 763 1498 mediantibus
779 1459 990 1499 Canonico
1021 1460 1067 1498 D.
1084 1458 1218 1499 Fabri·

180 1511 238 1552 tio
257 1509 422 1554 Plutino
434 1539 448 1561 2
461 1512 735 1556 &Sacerdote
747 1541 761 1562 ς,
781 1528 877 1558 tunc
892 1516 1064 1557 Clerico
1081 1519 1128 1556 D.
1146 1517 1217 1556 Di-

180 1569 285 1612 daco
302 1569 450 1624 Megali
480 1570 534 1612 de
549 1573 757 1615 nonnullis
785 1575 1013 1617 redditibus
1041 1575 1078 1614 in
1103 1573 1215 1615 subfi-

179 1627 294 1670 dium
322 1627 580 1670 Infirmorum
611 1631 784 1673 duorum
810 1636 1102 1676 Conventuum
1130 1647 1216 1674 me-

180 1696 345 1729 moratae
363 1687 557 1730 Civitatis
575 1715 590 1737 a
617 1690 775 1733 &illius
790 1693 888 1735 Loci
904 1692 1111 1734 Flumariae
1126 1705 1215 1732 ero.

182 1744 326 1801 gandis
341 1745 559 1801 disposuit,
591 1749 876 1792 constituendo
893 1752 1097 1806 praedictos
1119 1752 1215 1792 Plu-

178 1803 340 1853 tinum,
372 1805 411 1844 &
442 1806 645 1858 Megalum
662 1807 1024 1851 Administratores
1048 1823 1139 1850 cum
1156 1807 1215 1850 fa-

180 1860 337 1903 cultate
363 1862 598 1904 nominandi
628 1865 984 1908 Administratores
1017 1866 1212 1908 successo-

176 1931 267 1960 res.
302 1918 660 1974 Impraesentiaru'm
688 1934 826 1966 manet
852 1924 1142 1970 administratio
1170 1925 1210 1966 in

175 1975 349 2019 Persona
383 1980 433 2018 D.
448 1979 758 2023 CaroliPlutini
773 2010 788 2032 ‚
812 1983 990 2038 praedict-i
1013 1984 1209 2026 Canonici

178 2035 331 2078 Fratris
359 2038 585 2087 Germani,
612 2039 670 2082 uti
702 2054 751 2082 ex
777 2044 895 2097 copiav
916 2042 1208 2093 Instrumenti,

175 2093 306 2136 oculis
327 2096 413 2136 EE.
430 2096 522 2137 VV.
549 2096 612 2138 hic
643 2097 810 2141 submiffi
834 2110 1002 2156 apparet
1019 2130 1031 2142 .
1062 2105 1205 2145 Cum-2

176 2162 313 2194 autem
328 2153 375 2195 ab
392 2155 643 2210 experientia
657 2172 782 2214 grave
799 2159 1059 2203 incomodum
1073 2190 1085 2212 ‚
1098 2161 1206 2216 quod

177 2213 340 2253 Fratres
365 2211 510 2254 infirmi
538 2215 776 2259 Conventus
806 2218 1016 2262 Flumariae
1050 2230 1204 2274 tempo-

177 2283 225 2311 re
249 2268 515 2321 neceffitatis‚
543 2273 763 2327 praefidium
788 2276 839 2316 ob
863 2277 996 2319 causas
1017 2272 1118 2319 infra
1134 2280 1207 2318 de-

178 2326 410 2369 scribendas
439 2329 588 2371 habere
605 2345 684 2373 non
702 2333 882 2376 valente-s
898 2333 1109 2387 subibant,
1135 2336 1210 2377 de-

148 2424 151 2429 ,
179 2387 328 2427 tectum
345 2385 391 2427 fit
406 2413 420 2436 ,
436 2388 588 2431 Orator
601 2392 775 2433 unanimi
799 2395 879 2435 ΡΡ.
898 2395 1104 2439 Localium
1122 2408 1210 2436 mo—

177 2458 225 2486 re
240 2443 357 2487 solito
380 2444 429 2486 ad
459 2444 593 2489 sonum
617 2450 764 2504 tegulae
777 2463 1095 2496 convocatorum
1110 2467 1209 2495 con·

179 2502 291 2546 seusu
320 2502 552 2547 consultum
575 2507 714 2557 duxit,
742 2509 780 2550 in
808 2512 971 2566 proprio
1003 2513 1211 2554 Flumariae

176 2563 399 2603 Conventu
432 2561 694 2608 lufirmariam
713 2595 727 2617 ,
765 2566 833 2610 seu
855 2570 1209 2612 Valetudinarium

176 2619 439 2670 construere3
471 2636 560 2664 cum
584 2625 621 2666 in
645 2625 772 2682 majus
790 2626 1041 2670 Infirmorum
1060 2628 1209 2672 redun-

177 2677 251 2720 det
265 2678 524 2720 commodum
538 2708 552 2732 ‚
564 2685 603 2724 &
616 2681 703 2725 finis
717 2684 982 2740 dispositionis
998 2688 1210 2730 testamen-

181 2736 291 2778 tariae
305 2763 320 2786 ‚
336 2737 385 2779 ad
403 2737 526 2791 majus
546 2740 799 2784 infirmorum
816 2744 965 2788 bonum
981 2747 1100 2789 unice
1116 2758 1209 2788 ten-

177 2794 314 2836 dentis
333 2797 458 2850 magis
476 2798 697 2852 attingatur
712 2830 723 2841 .
739 2805 1005 2860 Qapropter
1023 2806 1208 2846 EE-VV.

177 2851 376 2908 supplicat
398 2879 412 2902 2
439 2866 634 2908 quatenus
658 2873 732 2914 pro
758 2860 907 2904 fabrica
927 2862 1143 2904 Infirmarii
1173 2863 1211 2902 in

177 2910 264 2966 ipso
291 2913 500 2955 Flumariae
527 2918 777 2966 Conventa,
805 2918 845 2959 in
874 2919 985 2976 cujus
1015 2922 1109 2962 loco
1137 2921 1210 2960 ho-

144 3026 146 3029 ν
177 2970 307 3013 mines
325 2973 475 3012 honesti
494 3002 508 3025 ‚
522 2976 562 3015 ὃς
575 2974 1003 3030 hujusmodicxercitii
1017 2991 1206 3032 capaces,

177 3042 223 3070 ac
250 3030 362 3071 sacro
377 3032 542 3075 Habitui
569 3033 697 3075 affeffi
724 3046 960 3087 morantur,
991 3037 1209 3092 benignum

180 3086 411 3130 consensum
426 3092 633 3144 praebere,
646 3095 683 3135 δε
700 3095 893 3138 ordinare
905 3096 1124 3152 dignentur
1137 3125 1151 3145 ,
1167 3104 1209 3135 ut

180 3144 508 3190 Administratori
536 3150 587 3191 ab
611 3151 809 3194 hodierno
833 3153 1210 3197 Administratore.)

180 3203 234 3244 D.
252 3203 406 3247 Carolo
426 3206 588 3248 Plutino
600 3209 649 3250 ad
665 3211 798 3252 minus
820 3213 938 3254 tertia
956 3227 1045 3267 pars
1069 3212 1209 3254 reddi-

180 3271 311 3313 tuum,
327 3273 408 3304 tam
424 3262 443 3303 a
460 3264 567 3307 dieto
582 3268 772 3311 Melardo
786 3269 1207 3326 assignatorum,quam

179 3320 354 3362 aliorum
369 3322 392 3364 ἓι
408 3323 469 3375 pia
478 3325 731 3367 Devotorum
748 3326 1004 3382 dispofitione
1016 3330 1208 3371 obtento-

179 3393 375 3427 rum-,cum
387 3381 507 3423 tertia
523 3392 638 3437 parte
650 3384 996 3430 instrumentorum
1010 3389 1107 3430 artis
1122 3401 1208 3428 aro-

182 3439 355 3480 matariae
382 3453 430 3480 ex
457 3441 683 3483 redditibus
702 3445 917 3488 enuntiatis
932 3444 1207 3488 confectorum

181 3496 500 3552 consignentur:
541 3514 614 3554 per
641 3502 747 3556 quod
774 3517 852 3546 non
879 3503 1003 3547 solum
1036 3503 1208 3546 Infit-mis

182 3556 465 3607 providebitur
490 3585 504 3607 ‚
530 3556 668 3600 verum
694 3563 816 3602 etiam
846 3561 913 3603 fini
942 3562 1209 3616 dispositionis

185 3614 350 3666 propius
376 3618 590 3660 acceditur
606 3644 616 3654 -
647 3620 845 3663 Rationes
861 3650 874 3672 ,
899 3635 982 3676 quae
998 3621 1210 3675 suffragan-

184 3678 251 3711 tur
265 3698 278 3719 ,
293 3669 381 3714 sunt
394 3705 404 3712 .

256 3731 287 3769 1.
347 3731 471 3787 Qod
499 3735 590 3776 talis
621 3737 772 3778 ereffitio
813 3738 850 3778 in
890 3738 972 3793 ipso
1002 3737 1207 3781 Flumariae

183 3790 402 3830 conventu
429 3803 508 3833 non
533 3793 656 3838 solum
680 3793 701 3836 zi
718 3797 851 3838 verbis
868 3798 907 3840 in
926 3798 1030 3840 dicta
1045 3795 1207 3851 dispoli-

282 3849 492 3894 *Tam-m·

1288 352 1401 382 tione
1415 342 1619 384 contentis
1658 341 1753 399 (uti
1782 354 1832 385 ex
1847 342 2058 385 memorati
2077 259 2329 385 instruminti

1287 399 1463 442 lectione
1481 404 1639 455 patebit
1654 402 1702 458 .)
1733 416 1814 443 non
1830 401 2035 453 discedat,
2048 400 2112 444 sed
2127 414 2296 442 econtra
2310 429 2326 452 ‚

1288 464 1413 500 menti
1440 460 1655 502 testatoris
1671 489 1686 511 ,
1700 460 1751 501 ab
1765 462 1951 509 EENV.
1967 459 2086 502 unice
2103 460 2328 514 respicien—

1283 516 1342 557 dae
1358 519 1489 573 magis.
1502 519 1671 559 accedat
1689 547 1702 568 ‚
1728 533 1819 559 cum
1836 520 1950 560 causa
1967 518 2096 562 finalis
2112 519 2161 560 ab
2180 517 2251 558 illo
2266 518 2325 558 in.

1283 585 1396 617 tenta
1413 605 1427 627 ‚
1453 575 1601 624 fuerit,
1628 577 1666 615 &
1682 578 1727 617 fit
1742 576 1869 632 majus
1887 576 2187 633 AEgrotantium
2208 589 2324 617 corn-

1285 641 1448 675 modum
1466 659 1479 681 2
1501 633 1556 673 ita
1570 657 1583 678 2
1613 644 1655 674 ut
1670 634 1829 675 nullum
1845 637 2050 690 patiantur
2062 634 2322 691 periculum,

1282 690 1408 745 iisque
1437 704 1512 744 pro
1538 690 1771 733 necessitate
1804 693 1848 733 fit
1880 695 2108 749 provisum·
2141 695 2204 737 Ex
2237 706 2324 748 quo
2344 736 2347 738 ,

1281 759 1411 789 oritur
2165 794 2167 796 v
2188 779 2191 783 i
2247 778 2250 780 -

1342 808 1399 848 11.
1431 802 1560 850 Causa
1574 836 1587 855 ‚
1612 806 1719 860 quod
1736 836 1753 857 ‚
1773 821 1866 850 cum
1894 813 2135 852 Conventus
2155 809 2322 855 Flumin-

1280 866 1345 907 riae
1363 866 1398 906 in
1418 863 1512 907 loco
1527 865 1687 920 alpestri
1705 893 1719 916 ,
1746 867 1785 906 &
1799 865 1886 907 alto
1899 895 1913 917 ‚
1945 868 1997 909 de
2012 870 2185 923 quossne
2201 870 2320 912 Reli-

1281 921 1509 979 giosorum‚
1531 924 1655 965 etiam
1673 922 1859 966 sanorum
1878 926 2136 969 incommodo
2150 941 2227 973 non
2244 937 2319 983 pooi-

1279 983 1354 1024 test
1374 983 1460 1023 fieri
1489 993 1620 1024 motus
1638 1011 1652 1032 ‚
1685 984 1854 1024 fituatus
1877 984 2017 1026 existat
2034 1014 2047 1035 ‚
2074 985 2189 1040 copia
2206 986 2320 1028 infir·
2361 1021 2364 1025 ,

1282 1043 1354 1082 mis
1372 1042 1616 1096 providendi
1643 1039 1686 1081 lit
1709 1042 1863 1092 ardua,
1894 1042 1930 1082 8(
1956 1049 2064 1098 quod
2090 1046 2142 1085 ob
2160 1045 2318 1087 incom-

1280 1100 1399 1141 moda
1419 1112 1500 1141 non
1524 1099 1652 1141 solum
1671 1100 1826 1142 itineris
1842 1127 1857 1150 ,
1882 1099 1947 1141 sed
1982 1103 2021 1145 ὃς
2040 1102 2231 1144 dillantiae
2253 1116 2320 1144 12.

1280 1159 1562 1200 milliariorum
1580 1158 1728 1199 incirca
1741 1160 1763 1200 a
1778 1158 1892 1199 dictis
1905 1160 1996 1201 Con
2005 1162 2188 1202 ventibus
2205 1162 2319 1203 Rhe-

1278 1219 1331 1273 gii
1364 1218 1403 1258 in
1426 1217 1517 1259 casu
1541 1216 1789 1260 neceffitatis
1807 1232 1885 1259 non
1903 1217 2014 1272 poffit
2038 1219 2224 1260 adhiberi
2246 1219 2318 1261 illa

1277 1289 1474 1331 cura-,quae
1492 1275 2036 1326 adhiberetur2111nfirmaria
2053 1275 2158 1318 foret
2179 1277 2215 1318 in
2231 1275 2324 1331 ipso-

1278 1340 1496 1378 Conventu
1514 1364 1524 1375 .
1559 1336 1789 1390 Contigere
1807 1350 1973 1391 quoque
2004 1337 2080 1390 (ut
2099 1350 2191 1377 vera
2206 1335 2316 1378 refe-

1279 1405 1420 1446 rantur
1445 1394 1464 1449 )
1498 1408 1573 1434 non
1604 1394 1682 1436 fine
1710 1397 1872 1436 Parrum
1899 1396 2111 1438 Localium
2138 1393 2317 1446 dolore,

1280 1453 1419 1495 finiuri
1438 1451 1549 1494 casus
1566 1482 1582 1503 ,
1613 1467 1661 1494 ex
1683 1467 1764 1508 quo
1781 1453 1868 1494 fluit

1338 1512 1416 1552 ΙΙΙ.
1452 1515 1652 1553 Motivum
1671 1540 1685 1563 ,
1707 1525 1801 1553 cum
1828 1511 1935 1553 enim
1953 1511 2197 1554 Conventus
2215 1511 2314 1554 Flu-s

1279 1570 1409 1613 mariae
1439 1570 1529 1610 snus
1567 1572 1800 1624 reperiatur
1833 1571 1869 1610 in
1913 1571 2006 1612 loco
2041 1572 2219 1614 loli-tario
2236 1599 2250 1622 ‚
2288 1570 2311 1610 εἰ

1279 1631 1449 1672 Paterna
1472 1628 1598 1669 Emin-
1619 1629 1707 1667 VV.
1727 1629 1984 1682 providentia
2007 1633 2042 1669 in
2064 1630 2201 1672 locu-m
2222 1633 2309 1670 No-

1278 1685 1446 1730 vitiatfis
1460 1687 1536 1728 fuit
1554 1686 1782 1741 delignatus
1796 1715 1810 1738 ‚
1834 1687 1900 1742 qui
1918 1690 1957 1728 &
1988 1689 2112 1741 (Deo
2128 1691 2200 1730 lint
2217 1685 2307 1728 lau-

1274 1747 1382 1802 des)
1415 1743 1580 1789 desasto
1596 1746 1821 1800 exemplari
1837 1746 2043 1802 disciplina
2060 1775 2074 1797 ,
2104 1748 2218 1803 cujus
2243 1757 2311 1787 to-

1275 1815 1317 1848 ta
1337 1806 1552 1848 Provincia
1569 1803 1763 1862 testis5&
1779 1803 1991 1859 spectatrix
2007 1806 2065 1847 est
2079 1835 2092 1857 ‚
2109 1806 2206 1847 inibi
2226 1819 2311 1846 ma.

1277 1874 1524 1914 nutenetur,
1554 1863 1594 1903 δι
1621 1863 1658 1903 in
1685 1867 1767 1916 quo
1790 1877 1848 1904 ιι.
1864 1864 2050 1915 Novitii,
2068 1867 2105 1905 8.
2121 1865 2323 1915 Clerici,

1273 1924 1313 1963 δι
1331 1937 1368 1975 3.
1389 1922 1495 1964 Laici
1509 1949 1523 1970 ‚
1538 1922 1644 1962 ultra
1659 1921 1758 1963 alios
1775 1922 1953 1977 quinque
1972 1924 2164 1965 Clericos
2177 1953 2192 1973 ,
2210 1937 2315 1977 pro-a

1272 1983 1380 2022 xime
1408 1982 1520 2021 sacro
1542 1980 1692 2021 Habitu
1719 1983 1951 2024 induendos.
1974 1992 2321 2025 commorantur„

1271 2043 1317 2082 ln
1336 2040 1393 2081 his
1409 2049 1547 2080 autem
1565 2038 1870 2080 circumstantiis
1885 2041 2073 2095 quaeritur
2086 2066 2100 2088 2
2122 2055 2170 2082 an
2194 2041 2308 2094 rigor

1269 2098 1502 2150 Capucinus
1522 2095 1757 2152 permittat,
1774 2109 1818 2139 ut
1834 2111 2078 2154 emergente
2097 2099 2308 2140 neceffita-

1269 2161 1326 2200 tis
1339 2158 1429 2199 casu
1445 2155 1651 2202 aNovitiis
1664 2156 1746 2197 iter
1763 2157 1815 2200 ita
1832 2158 2159 2214 longinquum,&
2178 2156 2308 2212 publi-

1269 2231 1362 2258 cum
1378 2214 1620 2259 conficiatur
1636 2216 1650 2256 ?
1667 2216 1868 2259 :Re-flexio
1886 2218 1962 2258 haec
1979 2218 2033 2258 ita
2049 2218 2106 2259 est
2134 2216 2276 2258 efficax
2290 2241 2307 2264 2

1272 2273 1531 2317 utGenerale
1549 2271 1834 2315 Definitorium
1852 2276 2016 2318 Ordinis
2032 2276 2236 2317 induxerit
2254 2272 2306 2316 ad

1273 2333 1530 2375 condendum
1548 2332 1737 2373 statutum
1753 2361 1767 2384 ‚
1800 2348 1849 2375 ne
1869 2335 2026 2375 Novitii
2041 2337 2275 2389 pernoffient
2288 2359 2303 2382 ,

1272 2403 1343 2434 aut
1358 2393 1435 2433 iter
1451 2389 1666 2446 conficiant
1686 2419 1699 2440 a
1728 2392 1794 2434 nili
1826 2393 1898 2432 smt
1920 2391 1990 2433 sub
2014 2391 2144 2434 oculis
2159 2405 2317 2436 eorum,

1273 2451 1455 2506 Magistri
1474 2447 1691 2490 constituti.
1712 2449 1812 2489 Inde
1831 2464 1994 2505 quoque
2009 2451 2176 2500 accidit,
2192 2448 2314 2504 quod„

1273 2510 1405 2563 saepius
1422 2509 1587 2551 afflictos
1601 2535 1614 2556 ,
1641 2508 1675 2547 3<
1694 2507 1878 2549 Infirmos
1897 2509 2092 2551 Novitios
2114 2510 2154 2550 in
2177 2519 2305 2561 angu-

1272 2567 1310 2607 lli
1323 2564 1379 2617 is,'
1407 2565 1675 2608 &doloribus
1705 2580 1781 2607 non
1807 2568 1886 2608 fine
1914 2566 2182 2623 compass‘ione
2207 2579 2304 2607 con-

1270 2619 1424 2680 spicere
1439 2626 1701 2679 oportuerit,
1734 2640 1826 2667 cum
1854 2626 1906 2666 de
1925 2626 2091 2680 proprio
2104 2629 2303 2668 Conven-

1269 2683 1311 2737 ῳ
1338 2683 1556 2726 necessaria
1588 2681 1753 2723 subfidia
1782 2698 1854 2739 pro
1893 2684 1941 2725 iis
1962 2685 2100 2727 haberi
2121 2698 2204 2725 non
2231 2696 2303 2736 po-

1251 2778 1255 2785 ..
1269 2745 1445 2786 tuerint:
1478 2740 1587 2797 quod
1603 2740 1791 2795 singulari
1806 2743 1940 2785 Emin-
1959 2746 2048 2786 VV.
2071 2741 2303 2784 considera-

1270 2802 1371 2844 tioni
1387 2800 1630 2854 relinquitur
1647 2827 1657 2839 .
1864 2828 1869 2832 .

1332 2862 1404 2900 IV.
1439 2862 1528 2900 Nec
1545 2855 1720 2912 sequitur
1743 2858 1939 2914 praedietis
1953 2873 1992 2902 2.
2008 2860 2304 2903 Conventibus.

1273 2918 1422 2972 Rhegii
1450 2916 1721 2971 praejudicium
1738 2945 1751 2966 ,
1778 2928 1863 2959 tum
1890 2921 1943 2960 ob
1960 2917 2178 2961 fraternam
2203 2920 2300 2960 cha-

1270 2977 1432 3018 ritatem
1449 3004 1463 3027 ,
1478 2989 1562 3030 quae
1576 2975 1681 3016 inter
1695 2989 1763 3015 eos
1782 2978 1891 3030 viget
1906 3004 1919 3027 ‚
1933 2978 1973 3017 &
1988 2978 2125 3031 vigere
2139 2978 2264 3017 debet
2283 3003 2301 3025 ,

1270 3043 1360 3076 tum
1384 3034 1491 3089 quod
1508 3036 1747 3075 Conventus
1769 3036 1977 3077 Flumariae
2006 3036 2131 3087 magis
2160 3048 2301 3087 grava-

1270 3103 1332 3134 tus
1347 3092 1505 3142 existat,
1521 3094 1640 3146 qusm
1652 3093 1719 3132 alii
1735 3092 1817 3133 duo
1832 3092 2001 3147 pra-dieti
2014 3119 2028 3140 ,
2042 3105 2091 3132 ex
2108 3105 2174 3142 ec,
2188 3091 2301 3147 quod

1269 3153 1309 3194 in
1327 3150 1530 3206 praesentia
1548 3150 1585 3190 in
1603 3149 1675 3190 illo
1688 3162 1759 3202 40.
1780 3153 1942 3192 Fratres
1958 3150 2100 3191 incirca
2115 3150 2293 3204 degant3

1268 3211 1351 3251 imo
1367 3211 1488 3253 tertia
1506 3210 1692 3263 portione
1709 3208 1942 3249 reddituum
1956 3233 1970 3254 2
1987 3209 2023 3248 &
2038 3207 2208 3249 aliorum
2223 3238 2236 3259 ‚
2252 3219 2295 3249 ut

1267 3267 1725 3322 supra,Administratori
1741 3266 1969 3308 Infirmariae
1983 3269 2184 3321 erigendae
2199 3268 2297 3310 dun·-

1267 3338 1378 3368 taxat
1397 3324 1585 3379 affignata
1601 3354 1614 3375 ‚
1640 3326 1691 3365 ob
1721 3325 1912 3380 majorem
1942 3327 2127 3366 Fratrum
2154 3339 2295 3367 nume·

1268 3398 1356 3428 rum
1394 3385 1524 3438 potius
1558 3387 1799 3426 Conventus
1827 3383 2035 3425 Flumariae
2070 3383 2297 3427 damnum-2

1269 3442 1396 3485 subit.
1433 3444 1486 3484 Et
1513 3441 1647 3496 s1quid
1674 3443 1714 3482 in
1739 3443 1986 3484 contrarium
2016 3444 2299 3496 producatur,

1270 3503 1290 3543 Ξι
1310 3503 1513 3542 Fraternae
1525 3499 1744 3542 Charitatis
1766 3528 1780 3551 ‚
1798 3503 1837 3542 &
1863 3501 2100 3543 Christianae
2128 3502 2294 3553 pietatis

1270 3560 1428 3613 legibus
1444 3573 1520 3600 non
1537 3557 1724 3612 procedit
1738 3585 1751 3605 a
1780 3574 1870 3600 cum
1884 3559 2100 3614 Religiofis
2116 3561 2155 3601 in
2173 3560 2293 3605 lecto,

1267 3621 1306 3660 &
1336 3616 1423 3658 casu
1452 3617 1591 3657 mortis
1618 3616 1874 3661 existentibus
1889 3615 2151 3661 neceisarium
2167 3616 2294 3674 praefig

1267 3677 1376 3718 dium
1391 3675 1584 3729 denegari
1598 3687 1681 3717 non
1695 3674 1842 3719 debeat
1854 3706 1866 3718 .

1325 3797 1446 3836 sacra
1461 3792 1715 3892 Congregalgio
1734 3791 2117 3852 Eminentifflmorum
2131 3818 2145 3839 a
2162 3803 2204 3829 αἰ
2222 3793 2292 3833 Rc-

1709 3867 1733 3896 2
2094 3862 2236 3892 veren-
