2618 4108
321 374 2194 474 {1⁰0⁸ssssf:'353232‘25:³52{Tazissaaqssffipizssssszss‘s'5254'323'303322{amissassz‘zss‘cgssffitss'zis·
2202 378 2436 472 &fiagitii

320 481 487 517 severiore
508 488 606 513 manu
621 473 658 511 in
674 486 769 521 terga
786 472 886 513 coast
911 474 1097 520 flagrorum
1112 473 1199 510 iftus
1212 498 1223 516 ‚
1251 474 1388 523 syrenes
1409 474 1452 510 de
1472 475 1634 510 domibus
1648 475 1827 511 exulabant
1843 476 2039 520 voluptates
2055 498 2067 518 ,
2092 475 2236 521 expulsa
2247 476 2288 512 de
2306 477 2438 524 compi·

325 529 368 564 tis
390 526 523 563 licentia
539 549 554 567 ,
575 524 686 572 ejekia
705 525 747 559 de
768 525 844 560 soro
860 523 1049 571 iniquitas,
1075 524 1250 559 restitutus
1275 522 1429 560 Ecclesiis
1450 523 1553 559 decor
1568 547 1580 563 ,
1604 524 1734 559 servata
1762 524 1861 558 thoro
1877 524 1983 564 fides,
2008 527 2042 559 &
2065 525 2136 558 vita
2155 523 2301 564 Civium
2316 525 2357 561 ad
2380 537 2436 562 na-

325 576 431 611 tionis
458 575 606 619 regulam
625 596 637 617 ‚
661 570 861 621 divinasque
877 574 970 617 leges
993 571 1145 608 instituta
1162 600 1170 608 .
1196 572 1315 607 Exivit
1331 582 1471 618 quoque
1493 571 1512 606 e
1525 569 1641 616 spiritu
1656 573 1726 608 oris
1746 571 1893 615 Virtus,
1921 582 1993 608 tum
2008 595 2017 612 .
2044 563 2126 607 dum
2144 580 2249 616 rupto
2269 571 2432 619 major-2,

324 622 478 659 Ecclesia
491 622 648 658 tabulato
661 646 672 665 ‚
699 621 787 658 inter
809 623 881 658 duo
903 620 1008 657 millia
1033 621 1249 657 Personarum
1263 644 1275 663 ‚
1300 631 1376 666 quae
1388 620 1550 655 cadebant
1566 645 1575 659 ,
1599 621 1698 656 nulla
1710 620 1775 657 fuit
1797 620 1867 656 laesa
1882 643 1894 662 ‚
1921 631 1993 656 tum
2013 643 2024 664 ,
2051 619 2131 655 dum
2150 619 2239 656 inter
2256 619 2340 657 duas
2354 620 2431 658 Me-

323 671 459 708 retrices
475 673 682 717 pertinacem
695 670 773 707 vitae
787 669 955 707 licentiam
967 694 980 715 ‚
1003 681 1067 706 una
1083 669 1191 707 fracto
1205 669 1314 716 pede,
1340 670 1450 704 altera
1469 666 1577 703 effuso
1602 669 1635 704 in
1655 667 1729 716 ejus
1742 670 1852 707 ocutis
1878 669 2028 705 duorum
2051 667 2254 704 amasiorum
2268 667 2432 713 sanguine

322 720 451 763 solvit,
476 730 548 756 tum
564 742 577 763 ‚
601 719 682 755 dum
701 719 847 756 aliorum
862 719 1035 756 subitanea
1050 730 1141 756 mors
1156 719 1264 754 minas
1284 715 1436 753 vaticinii
1456 716 1673 763 complevit.
1701 718 1785 755 Haec
1799 718 1943 754 utnulla
1964 727 2138 753 annorum
2151 715 2356 753 diuturnitas
2371 717 2432 752 ob-

323 770 485 805 litteraret
501 792 508 807 ‚
522 767 626 815 pressa
647 767 741 804 fuere
755 768 815 804 sub
829 772 902 817 typi
922 770 1040 814 praelo,
1052 768 1086 803 8(
1098 769 1203 815 Opus
1216 764 1476 813 metamorphosis
1489 764 1685 802 Placentia.
1697 767 1908 803 nominatum
1922 793 1933 804 .
1961 766 2066 803 finiit
2083 764 2310 802 Dominicstin
2330 764 2434 802 Albis

323 817 540 865 Hyrcinthus
562 816 686 852 laboris
704 816 754 852 sui
770 816 1091 859 mirabiliaCoronfl,
1103 828 1206 862 quam
1215 814 1528 864 AugustiffimaeDei
1545 814 1647 850 Matri
1661 813 2219 863 inCapellaCathedralisEcclefiae
2234 813 2351 850 festiva
2373 815 2435 849 de-

320 866 637 912 votioncimposuit
650 888 662 907 ‚
677 865 710 901 8(
723 865 853 902 secreto
866 865 987 902 itinere
997 866 1201 901 Fr.Paulum
1215 865 1236 898 ὲ
1252 863 1407 906 Cestena,
1417 870 1498 898 tunc
1510 861 1659 900 Ordinis
1672 863 1879 901 Generalem
1896 863 2088 900 Mediolani
2103 863 2235 898 accessit
2245 887 2255 898 .
2269 859 2428 900 Sanitati

318 913 456 960 quidem
475 915 529 951 hic
543 914 693 950 nonnihil
705 914 882 951 consulere
896 938 908 958 ,
932 925 978 949 ex
996 913 1212 950 Medicorum
1225 910 1367 948 consilio
1384 911 1493 947 fixum
1508 921 1579 946 erat
1592 922 1606 951 ς
1631 923 1666 948 at
1678 936 1692 955 ‚
1706 912 1787 947 dum
1804 923 1868 959 pro
1884 911 2095 948 restauranda
2110 936 2119 951 ,
2135 923 2211 958 quae
2223 910 2258 947 in
2271 910 2429 958 quodam

318 963 428 999 nobili
444 962 651 999 Monialium
673 963 881 1001 Monasterio
896 973 1081 998 marcuerat
1096 985 1110 1006 ,
1134 959 1282 1006 regulari
1296 958 1476 1007 disciplina
1492 960 1731 996 Concionator
1746 962 1767 995 a
1783 961 1822 996 P.
1836 959 2000 996 Generali
2016 959 2249 1006 requirebatur
2265 985 2275 1001 ,
2303 958 2424 995 melio·

319 1023 388 1048 rem
406 1011 601 1060 Hyacintho
618 1013 637 1047 ὲ
650 1011 681 1047 se
695 1023 762 1047 non
782 1011 876 1057 seligi
891 1009 980 1058 posse
1008 1010 1104 1047 illico
1127 1007 1285 1055 suggeffit
1310 1007 1404 1044 faetae
1424 1007 1495 1055 jam
1517 1008 1600 1045 alias
1623 1009 1666 1045 ab
1685 1019 1729 1044 eo
1747 1007 1939 1045 Monasticae
1956 1005 2207 1058 reformationis
2230 1007 2420 1049 memoria.

319 1060 538 1097 P.Gencralis
549 1060 634 1095 Eum
647 1060 802 1105 destinat,
817 1059 1025 1097 lufirmarius
1042 1059 1223 1100 dissuadet,
1239 1057 1273 1093 &
1290 1057 1504 1106 Hyacinthus
1513 1057 1664 1094 ordinem
1680 1057 1876 1104 exequitur,
1893 1067 1970 1093 cum
1991 1053 2121 1098 Ῑτυέὶυ,
2137 1055 2197 1101 qui
2214 1055 2336 1101 diguus
2349 1066 2425 1092 erat

315 1109 473 1154 simplicis
487 1108 692 1144 obedientiae
707 1108 846 1146 effeetus
859 1109 893 1145 &
915 1107 1115 1155 proemium.
1143 1105 1362 1152 consumpsit
1386 1105 1599 1154 Hyacinthus
1620 1105 1786 1142 residuum
1807 1104 1885 1143 anni
1897 1114 2034 1152 tempus
2047 1128 2056 1144 ,
2082 1114 2200 1150 pacem
2216 1104 2300 1140 inter
2320 1104 2422 1141 Sere-

316 1157 470 1194 nisiimos
484 1157 634 1193 Mantuae
647 1157 680 1192 8(
697 1158 823 1194 Parmae
841 1159 957 1194 Duces
969 1180 982 1200 ‚
1007 1167 1154 1206 quorum
1163 1154 1233 1203 jam
1247 1154 1307 1191 diu
1321 1152 1543 1191 scintillantes
1556 1153 1734 1190 discordiae
1749 1155 1761 1191 l
1768 1154 1855 1191 talia:
1878 1164 2045 1198 magnum
2061 1150 2283 1188 minabantur
2306 1152 2423 1189 incen-

318 1204 414 1250 dium
427 1229 436 1246 ,
461 1204 686 1246 stabiliendo;
712 1206 963 1243 Serenissimum
980 1204 1191 1241 Parmensem
1206 1202 1342 1251 insuper
1352 1226 1366 1245 ,
1392 1213 1431 1237 ut
1448 1201 1748 1251 MarchioniJulio
1767 1202 1891 1239 Cteiitri
1905 1199 2096 1247 Malaspina
2112 1200 2242 1237 illatam
2258 1200 2422 1249 injuriam

316 1254 540 1294 condonaret,
554 1253 748 1290 inducendo
760 1279 773 1298 ,
797 1255 922 1302 hosque
935 1256 970 1290 8(
984 1253 1069 1289 alios
1085 1252 1258 1299 Principes
1268 1275 1278 1293 .
1303 1259 1341 1287 ut
1354 1249 1502 1299 sepositis
1517 1250 1711 1289 domesticis
1721 1251 1812 1289 tricis
1834 1262 1925 1288 arma
1945 1259 2062 1288 contra
2087 1248 2263 1286 inimIcum
2277 1259 2431 1287 commu-

316 1311 391 1339 nem
407 1302 511 1338 unitis
527 1301 656 1338 viribus
673 1313 869 1345 verterent,
891 1301 1070 1339 animando
1083 1326 1094 1339 0

415 1350 606 1386 Videbatur
618 1350 718 1385 etiam
733 1361 926 1397 opportuna
941 1352 1052 1389 Sacra
1065 1349 1186 1391 Crucis
1210 1349 1245 1385 in
1258 1347 1446 1385 Bisontinis
1466 1347 1619 1386 turribus
1635 1348 1822 1396 plantandae
1837 1347 1969 1386 occasio
1985 1371 2001 1391 ,
2022 1358 2099 1384 cum
2109 1347 2240 1397 Jacaya
2250 1371 2264 1392 ,
2280 1347 2430 1384 Achme-

321 1399 349 1435 ti
364 1422 383 1442 ‚,
403 1398 533 1434 Sultani
548 1398 613 1435 stc.
627 1399 742 1434 Frater
757 1400 976 1442 Germanus,
1001 1398 1061 1446 qui
1075 1397 1266 1434 Catholicae
1278 1395 1373 1433 Fidei
1388 1396 1480 1440 leges
1496 1396 1603 1433 coluit
1618 1421 1627 1436 ,
1645 1397 1773 1435 socium
1789 1395 2039 1443 adpromisrsl'et
2054 1393 2221 1432 auxilium
2236 1408 2246 1431 t
2271 1393 2426 1443 disperiit

314 1457 428 1484 autem
445 1446 535 1482 varia
556 1446 646 1482 ratio
660 1446 894 1495 idaeatumjam
906 1446 1021 1484 Cruce
1032 1445 1306 1494 ·Signandorum
1322 1444 1509 1481 exercitum
1526 1468 1536 1486 ,
1557 1445 1591 1482 8(
1603 1446 1798 1494 Hyacintho
1811 1446 1952 1483 Terram
1970 1443 2112 1482 ranetam
2128 1444 2290 1490 sanguine
2302 1443 2364 1480 suo
2377 1442 2429 1478 ir-

314 1494 447 1540 rigandi
461 1506 593 1531 omnem
609 1495 733 1531 ademit
748 1498 839 1543 spem
852 1521 862 1533 .
891 1494 971 1532 lude
981 1519 995 1540 ,
1008 1495 1094 1532 utin
1108 1495 1272 1540 Angliam
1284 1518 1297 1538 ,
1321 1491 1443 1541 quae&
1458 1503 1537 1531 tunc
1551 1493 1657 1530 dirius
1668 1495 1702 1529 in
1716 1493 1906 1530 Catholicae
1920 1494 2014 1530 Fidei
2032 1492 2164 1530 Heroes
2178 1491 2284 1529 saeviit
2303 1515 2317 1536 ‚
2347 1490 2431 1528 Mis·-

316 1543 482 1580 sionarius
495 1544 672 1589 ablegetur
684 1567 698 1586 ,
723 1545 842 1582 institit
863 1557 873 1580 ε
899 1554 932 1580 at
948 1546 968 1580 a
984 1546 1063 1581 Deo
1083 1554 1154 1579 non
1176 1542 1371 1591 sanguinem
1387 1565 1401 1586 ‚
1424 1541 1480 1578 sed
1493 1542 1647 1579 sudorem
1662 1542 1758 1579 suum
1771 1541 1863 1590 peti,
1884 1541 1981 1579 facile
2000 1551 2046 1578 ex
2068 1540 2282 1579 dissuadente
2299 1540 2429 1579 cardia

316 1592 407 1630 nasis
423 1592 562 1628 Mellini
575 1591 719 1629 consilio
742 1592 906 1630 conclusit
919 1618 931 1631 .

414 1640 599 1688 Eapropter
614 1652 710 1676 novo
730 1643 842 1678 animo
855 1641 889 1678 in
903 1653 994 1688 opus
1006 1639 1184 1687 Evangelii
1198 1652 1290 1677 anno
1306 1642 1407 1679 1618.
1423 1640 1510 1678 exiit
1522 1667 1531 1682 ‚
1550 1640 1586 1676 8(
1596 1640 1742 1679 cefaeoae
1755 1641 1837 1676 dum
1854 1638 2007 1687 populus
2020 1637 2113 1675 sacras
2124 1638 2240 1677 inedia
2253 1637 2334 1682 iram
2352 1638 2423 1674 Dei

316 1689 473 1738 placabat
486 1713 500 1732 ,
521 1701 605 1736 pane
618 1689 749 1728 celestis
765 1691 977 1732 dob'trinaesst
994 1690 1170 1739 lachrymis
1185 1690 1594 1740 penitentiaeHyacinthus
1611 1690 1710 1727 illum
1725 1689 1851 1726 refecit.
1869 1690 1907 1725 ln
1919 1687 2042 1725 itinere
2057 1689 2172 1735 postea
2186 1699 2245 1736 per
2258 1685 2420 1723 Tusciam

316 1735 472 1775 conferto
486 1761 495 1777 ‚
519 1749 659 1785 puerum
681 1739 920 1776 benediffione
940 1739 996 1774 sua
1021 1739 1177 1782 sanavit,
1204 1738 1375 1776 Turrichii
1398 1739 1433 1775 in
1454 1739 1647 1775 Conventu
1668 1750 1787 1787 panem
1809 1736 2076 1785 multiplicavit,
2101 1736 2234 1773 mulieri
2250 1758 2259 1774 2
2281 1746 2421 1780 quam..

315 1786 863 1872 2530³·222²,”32¹:ss22⁹‘²13⁰:32³&
869 1787 1546 1873 „sztffisssssmfflseitidiffissus&
1553 1812 1582 1874 λ
1597 1786 1879 1874 s3÷‘²:¹‘„¹:⁰¹s}¹²;{'‚
1891 1785 2018 1872 {⁸:⁶32ss
2027 1783 2344 1872 ‘siffffivflzzffiss'
2350 1783 2421 1868 121¹?

313 1883 369 1922 nia
404 1847 664 1920 demulieremga
679 1847 837 1931 gavi-ore
850 1858 946 1931 pedis
966 1884 1109 1920 vulnere
1122 1883 1284 1920 liberavit
1299 1909 1311 1921 .
1587 1849 1609 1874 u
1635 1848 1685 1874 no
1703 1849 1721 1874 e
1756 1859 1770 1881 ³
1805 1845 1830 1881 g
2342 1886 2344 1889 ’
2410 1887 2416 1893 “

412 1933 424 1968 l
430 1942 460 1967 ta
475 1932 597 1969 efficax
610 1932 675 1968 fuit
694 1945 786 1969 anno
804 1934 902 1980 1619.
918 1932 950 1968 in
969 1930 1114 1969 Ecclesia
1128 1932 1326 1971 Cathedrali
1339 1931 1506 1971 Bononiae
1517 1933 1810 1983 quadragesimalis
1820 1931 2011 1983 Hyacinthi
2022 1933 2154 1973 sermo.
2171 1941 2210 1968 ut
2222 1929 2420 1968 Cardinalis

315 1979 520 2017 Ludovilius
536 2004 549 2024 ‚
571 1980 670 2018 dsetae
684 1981 850 2018 Civitatis
863 1980 1170 2029 archiepiscopus,
1197 1981 1311 2030 postea
1334 1982 1380 2019 ad
1402 1981 1619 2020 Pontificium
1635 1984 1842 2028 Triregnum
1855 1980 2018 2023 nesius,
2044 1980 2169 2017 litteris
2191 1980 2416 2026 gratiarum...

315 2029 456 2066 aetorifs
480 2029 510 2065 ei
533 2029 575 2065 de
597 2030 711 2066 fruEtu
726 2029 948 2078 applauderet
963 2042 979 2071 ς
1003 2040 1156 2078 ternpore
1175 2041 1290 2069 autem
1302 2054 1315 2074 ,
1340 2041 1413 2077 quo
1430 2030 1530 2068 Senis
1548 2042 1608 2077 per
1622 2030 1784 2068 residuam
1804 2031 1883 2066 anni
1896 2040 2023 2078 partem
2039 2028 2250 2075 Apostolico
2265 2037 2408 2063 munere

312 2075 515 2125 fungebatur
528 2102 540 2121 ‚
565 2077 685 2115 civiles
703 2078 884 2124 Lucignani
907 2077 1089 2117 discordias
1106 2079 1316 2126 composuit,
1345 2078 1468 2117 titteris
1479 2079 1675 2117 Germaniae
1696 2078 1873 2127 Principes
1894 2079 1936 2115 ad
1960 2078 2091 2114 bellum
2108 2087 2229 2114 contra
2252 2075 2418 2113 senarios

311 2126 495 2171 pragenses
515 2128 700 2173 gerendum
725 2127 888 2165 animavit
901 2151 911 2168 ‚
936 2129 969 2165 8t
990 2128 1203 2166 Serenisiimo
1219 2127 1373 2165 Bavariae
1388 2127 1481 2165 Duci
1497 2127 1738 2166 Maximiliano
1757 2127 1935 2166 Catholici
1954 2125 2090 2164 foederis
2107 2125 2141 2161 8(
2154 2126 2324 2162 exercitus
2337 2123 2412 2160 Ca-

313 2175 403 2223 piti,
430 2175 585 2220 infiguem
600 2177 635 2212 in
654 2176 816 2215 Historiis
836 2177 1038 2222 Pragenscm
1054 2177 1239 2214 vis-loriam
1263 2176 1420 2225 praedixit
1436 2202 1447 2212 .

407 2224 604 2261 Terminato
615 2237 708 2261 anno
726 2226 828 2262 1620.
845 2226 946 2262 hucae
958 2224 1239 2272 quadragesrmali
1253 2225 1438 2262 ministerio
1447 2249 1460 2270 ‚
1485 2226 1612 2263 diutius
1625 2226 1672 2263 ibi
1689 2225 1860 2263 subsistere
1874 2223 2015 2265 debuit,
2035 2233 2201 2283 quatenus
2213 2221 2333 2268 gracili
2346 2219 2413 2257 sut»⁴

311 2271 412 2309 saluti
428 2272 487 2307 usu
503 2274 699 2309 balneorum
722 2274 932 2310 consuleret.
958 2275 1064 2319 Qos
1079 2274 1196 2311 habuit
1215 2274 1264 2311 ibi
1283 2285 1371 2312 curae
1385 2273 1518 2319 socius,
1543 2274 1671 2312 fecit&
1684 2274 1768 2312 illos
1788 2274 1858 2312 sure
1881 2273 2076 2311 devotionis
2103 2274 2263 2321 sequaces
2278 2295 2291 2315 ‚
2315 2269 2415 2318 spiri·

313 2322 399 2357 tuali
414 2322 594 2369 colloquio
616 2334 676 2359 eos
688 2322 729 2358 ad
742 2321 896 2359 exaesam
920 2323 999 2360 vitae
1013 2323 1211 2362 Christianae
1225 2324 1393 2360 rationem
1407 2323 1556 2360 suaviter
1569 2323 1760 2369 instigando
1771 2348 1784 2368 ,
1810 2323 1845 2360 8(
1864 2322 2026 2360 mentalis
2039 2320 2274 2359 meditationis
2289 2317 2412 2366 praxin

309 2370 352 2406 iis
372 2370 642 2407 commendando
659 2395 669 2407 .
699 2372 852 2408 lnvisere
872 2371 969 2408 illum
994 2372 1047 2408 hic
1063 2372 1194 2420 Caspar
1210 2371 1440 2419 Schioppius,
1466 2373 1502 2409 8(
1520 2372 1711 2410 Paschasius
1721 2373 1884 2421 Grippus
1898 2393 1911 2414 ‚
1934 2383 2023 2419 quos
2038 2382 2109 2409 rara
2124 2370 2278 2412 scientia,
2297 2369 2332 2404 &
2349 2367 2408 2403 Li-

310 2419 453 2454 brorum
475 2418 708 2465 impressorum
739 2419 838 2467 copia
872 2419 1018 2457 reddidit
1045 2431 1104 2467 per
1132 2432 1240 2456 totam
1260 2420 1479 2458 Germaniam
1497 2423 1671 2459 celebres.
1697 2421 1771 2470 Q
1791 2422 1875 2467 dum
1903 2419 2053 2458 miserias
2091 2419 2287 2457 Germaniae
2313 2418 2408 2453 bello

308 2467 343 2502 8(
362 2466 528 2503 discordia
537 2467 555 2502 s
553 2466 636 2504 ciffoe
654 2468 714 2504 illi*
724 2467 870 2517 suspiriis
885 2470 1016 2517 potius,
1029 2469 1134 2516 quam
1149 2468 1263 2506 verbis
1272 2470 1492 2517 exponebant
1505 2494 1516 2510 ,
1539 2473 1550 2506 i
1554 2471 1611 2518 pse
1622 2470 1812 2506 infortunio
1826 2469 1979 2507 Gamerae
1989 2470 2198 2516 Apostolicae
2212 2467 2336 2514 malum
2359 2475 2413 2501 at-

308 2515 455 2558 tribuit,
479 2516 512 2552 8(
535 2514 582 2552 rei
608 2516 797 2554 domesticae
817 2518 928 2554 minus
946 2517 1030 2554 bene
1051 2518 1223 2563 provisum
1245 2517 1310 2554 effe
1332 2517 1438 2554 altius
1459 2517 1650 2562 ingemuit.
1679 2517 1828 2556 Effeftus
1839 2530 1937 2565 aquze
1959 2529 2030 2553 non
2051 2518 2100 2554 ita
2113 2516 2251 2553 duravit
2265 2542 2275 2556 ‚
2296 2513 2411 2562 quin..

307 2562 428 2600 eodem
449 2576 540 2601 anno
553 2564 587 2600 in
602 2565 714 2601 Patria
727 2589 737 2606 ,
760 2577 837 2612 quo
845 2563 1055 2613 denuojussu
1069 2567 1108 2603 P.
1123 2566 1303 2604 Generalis
1323 2565 1366 2602 ad
1380 2566 1550 2603 instantias
1566 2565 1772 2604 illustrissimi
1785 2566 1957 2612 Scipionis
1970 2565 2130 2604 Paschaffi
2142 2589 2157 2609 ,
2185 2561 2354 2611 Episcopi,
2367 2560 2412 2598 *ἃ

309 2612 561 2658 pradicandum
586 2612 719 2657 regredi
744 2613 887 2654 debuit,
911 2613 1048 2650 dolores
1071 2613 1195 2654 colici,
1225 2613 1400 2661 podagrici
1420 2613 1484 2651 διο.
1511 2615 1669 2652 redivIvo
1692 2613 1804 2651 furore
1832 2625 1947 2651 contra
1980 2627 2060 2652 eum
2087 2613 2310 2656 desaevirent,
2335 2616 2380 2647 ita
2395 2633 2412 2654 2

308 2660 503 2715 usbrachiis
523 2660 669 2697 aliorum
683 2659 838 2696 suffultus
863 2661 909 2697 ad
924 2661 1097 2708 pulpitum
1109 2662 1255 2699 conduci
1277 2662 1434 2699 deberet.
1462 2663 1592 2701 Malum
1614 2675 1682 2700 non
1702 2663 1828 2700 minuit
1850 2664 1990 2706 zelum,
2014 2677 2077 2701 nec
2105 2665 2218 2699 minus
2233 2659 2409 2709 proprium

302 2706 357 2742 illi
371 2706 434 2743 suut
451 2733 464 2752 ,
488 2709 581 2756 quod
600 2709 634 2744 in
658 2710 695 2746 S.
713 2709 935 2758 Hieronymo
948 2708 1023 2757 ejus
1036 2710 1112 2746 vitae
1125 2710 1318 2756 Scriptores
1340 2712 1524 2748 notarunt:
1549 2724 1745 2762 quanquam
1759 2710 1860 2749 vari&
1881 2713 2007 2748 morbis=
2021 2737 2036 2758 ,
2061 2710 2306 2758 doloribusque
2329 2717 2412 2746 ten-

304 2764 441 2809 taretur
452 2779 465 2800 ‚
492 2766 604 2793 tamen
617 2758 765 2805 corporis
779 2757 984 2794 incommoda
993 2758 1063 2806 piis
1074 2757 1248 2795 laboribus
1261 2758 1334 2800 &aa
1337 2759 1523 2808 superavit
1535 2784 1546 2797 .
1572 2762 1706 2799 Tonuit
1721 2760 1770 2798 ibi
1785 2762 2004 2810 Hyacinthus
2017 2772 2136 2798 contra
2155 2758 2334 2805 grassantia
2351 2756 2409 2793 vi-·

304 2812 354 2838 tra.
374 2803 481 2853 usque
506 2805 548 2840 ad
561 2804 783 2843 Genethliaca
807 2805 949 2842 Domini
965 2806 1088 2850 Festa,
1112 2807 1147 2844 8(
1163 2807 1348 2844 Civitatem
1363 2834 1373 2849 ‚
1392 2819 1431 2844 ut
1454 2809 1736 2846 bachanaliorum
1761 2811 1884 2846 luxum
1906 2810 2099 2854 inhiberet,
2125 2808 2314 2845 ferventius
2331 2816 2406 2843 mo-

304 2853 378 2886 nuit
391 2869 400 2876 ·
423 2852 598 2889 Audacius
613 2855 658 2889 ob
673 2854 877 2901 Sponsalitia
891 2855 1033 2890 verbum
1053 2854 1170 2892 salutis
1181 2856 1309 2902 sprevit
1320 2856 1450 2893 Comes
1463 2858 1579 2895 Corba
1593 2883 1607 2903 ,
1638 2858 1673 2894 8(
1685 2870 1730 2895 ex
1752 2859 1890 2906 pedaria
1902 2858 2029 2895 ultione
2045 2885 2054 2900 ‚
2074 2870 2141 2906 qua
2155 2856 2287 2902 Sponsa
2312 2855 2409 2890 inter

303 2900 408 2936 saltus
424 2901 601 2948 pretiosam
614 2914 781 2950 gemmam
796 2903 962 2949 perdidit,
985 2903 1020 2939 8(
1033 2903 1221 2942 domestica
1241 2903 1415 2942 discordiae
1427 2905 1536 2943 ansam
1547 2908 1691 2955 praebuit
1707 2929 1720 2949 ‚
1739 2919 1841 2945 omen
1856 2907 2047 2956 Hyacinthi
2059 2909 2094 2944 in
2108 2905 2141 2941 se
2155 2905 2401 2951 adimpletum,

301 2947 409 2997 usque
434 2949 478 2984 ad
500 2949 604 2986 finem
619 2951 699 2987 vitat
721 2950 871 2987 indoluit
889 2975 900 2988 .

322 3031 324 3033 ,
385 2998 572 3055 'Cr-emona
598 3011 695 3035 anno
713 3002 815 3036 1621.
844 3001 1194 3051 SeraphicumJonam
1210 3001 1292 3039 sicut
1307 2999 1481 3050 quaesivit,
1507 3003 1555 3042 ita
1583 3004 1619 3043 &
1642 3004 1820 3053 'aequisivit
1837 3030 1847 3041 .
1876 3004 1964 3041 illuc
1983 3004 2066 3040 dum
2090 3003 2122 3038 se
2144 2999 2307 3044 confert,
2329 2997 2402 3037 Va-

308 3047 426 3082 lentrae
450 3058 482 3081 m
506 3047 621 3084 nostro
640 3048 835 3084 Conventa
859 3049 911 3085 Fr.
925 3049 1076 3086 Vitalem
1089 3050 1326 3088 Liburnensem
1339 3050 1514 3089 Clericum
1543 3055 1562 3091 ὲ
1577 3053 1706 3101 capitIs
1719 3054 1853 3097 dolore,
1865 3063 1967 3099 quem
1981 3053 2127 3087 humana
2144 3047 2292 3085 remedia
2308 3047 2405 3084 miti-

304 3105 387 3148 gare
401 3095 586 3152 nequibant
596 3120 610 3140 ,
635 3097 758 3133 liberat
773 3120 785 3140 ,
809 3097 844 3133 &
859 3098 1034 3135 Placentia
1048 3098 1089 3136 de
1101 3100 1239 3146 pulpito
1252 3098 1412 3136 obsessam
1423 3100 1598 3146 publicare
1609 3103 1703 3146 cogit
1721 3125 1734 3144 ,
1757 3101 1852 3148 quod
1865 3101 1952 3135 inter
1969 3110 2102 3144 omnes,
2120 3097 2181 3146 qui
2194 3107 2283 3133 anno
2304 3096 2407 3134 1612.

305 3144 382 3179 ¹⁰²8
403 3143 614 3190 projecissent
635 3145 929 3191 praevaricationes
943 3169 955 3190 ‚
974 3149 1127 3195 exceptis
1141 3149 1174 3185 8.
1189 3148 1494 3191 Personis20mnes
1506 3149 1567 3184 alii
1589 3150 1630 3185 ad
1654 3149 1876 3186 volutabrum
1895 3145 2089 3184 rediissent.
2117 3148 2209 3182 Eum
2233 3144 2408 3183 salubrem

305 3189 370 3225 hoc
382 3191 572 3227 Graculum
589 3196 721 3239 populo
733 3194 864 3238 ingeffit
877 3194 1030 3232 timorem
1043 3218 1057 3238 ‚
1080 3206 1118 3232 ut
1142 3197 1188 3232 ob
1203 3195 1394 3233 communia
1407 3195 1542 3242 pietatis
1563 3207 1667 3244 opera
1679 3220 1692 3240 ,
1717 3195 1832 3234 ultImi
1847 3195 2122 3233 bacbanaliorum
2160 3194 2231 3231 dies
2245 3194 2280 3229 in
2295 3195 2403 3239 lugu·

304 3237 388 3291 bres
413 3239 619 3284 Septimanae
632 3241 763 3280 sanaae
786 3243 885 3280 ferias
911 3242 1062 3281 conversi
1087 3244 1309 3281 viderentur.
1335 3243 1477 3282 Fruaus
1502 3250 1613 3281 autem
1627 3269 1638 3284 ,
1663 3256 1763 3292 quem
1787 3245 1967 3282 Cremonae
1990 3244 2152 3290 congessit
2168 3266 2180 3286 ‚
2207 3254 2307 3289 aequo
2323 3242 2403 3290 jure

307 3283 361 3318 3¹¹¹
376 3308 389 3327 2
402 3296 501 3330 quem
521 3289 711 3326 Mediolani
724 3315 737 3335 ‚
756 3290 877 3327 Brixiae
888 3294 945 3335 ,δι
958 3292 1138 3330 Placentia
1151 3292 1293 3338 collegit
1305 3316 1318 3336 ,
1329 3292 1432 3330 debet
1448 3293 1636 3337 comparari
1648 3317 1661 3337 ,
1677 3288 1810 3341 fuitque
1830 3295 1848 3329 a
1865 3293 2070 3342 Presbytero
2091 3291 2224 3328 cuidam
2236 3288 2399 3326 oratorii

308 3328 494 3389 casalensis
521 3337 611 3393 Patri
629 3337 690 3374 sub
705 3339 852 3387 sequenti
869 3350 988 3386 tenore
1001 3339 1206 3388 perscriptus
1221 3353 1231 3377 ε
1254 3341 1300 3379 Sa·
1312 3340 1514 3379 paternitas
1529 3338 1646 3391 W’stra
1661 3339 1828 3378 Orationi
1843 3341 2077 3390 quadraginta
2092 3339 2253 3376 horarum
2274 3339 2330 3375 hic
2344 3346 2403 3387 pe·

308 3378 406 3416 ⁷7²5?ae
428 3381 631 3438 {nterfutffet
649 3409 662 3429 ‚
687 3388 730 3424 ab
745 3388 869 3425 Eadem
873 3387 1024 3437 flumina
1035 3387 1284 3438 lachrymarum
1285 3388 1408 3437 sparsa
1418 3387 1477 3441 effi
1488 3389 1679 3427 crederem:
1704 3402 1721 3426 o
1767 3399 1875 3428 nanta
1879 3389 1924 3439 su
1937 3390 2031 3438 piria
2049 3391 2061 3426 ξ’
2086 3399 2103 3424 o
2151 3396 2264 3425 aantae
2275 3397 2372 3424 vocer
2387 3409 2404 3428 2

311 3436 384 3472 quae
398 3428 660 3484 misericordiam
672 3435 904 3473 inclamabant
923 3438 933 3474 Ξ
955 3447 1107 3485 quantur
1120 3439 1198 3487 fuir
1209 3449 1323 3476 eorum
1335 3449 1496 3475 numerus
1510 3463 1522 3482 ,
1545 3440 1606 3487 qui
1619 3439 1730 3487 velpe
1761 3450 1820 3475 ora
1835 3448 1899 3477 tun
1924 3439 2028 3475 ebant
2044 3464 2053 3478 ‚
2081 3448 2123 3473 ve
2161 3434 2247 3472 alias
2265 3432 2401 3472 crudeli

311 3475 694 3535 verberatione-corpus
713 3484 946 3533 castigabant!
971 3485 1207 3534 Cremonenses
1230 3498 1299 3522 non
1313 3485 1401 3534 sunt
1420 3486 1590 3534 amplius,
1609 3488 1670 3536 qui
1685 3488 1853 3536 summm
1885 3485 2100 3534 reliquerunt
2131 3485 2213 3521 vitae
2239 3482 2399 3520 anteasite

312 3520 454 3577 {felicem
470 3534 480 3557 ²
506 3534 635 3583 qut-per
648 3529 763 3576 plures
775 3544 880 3569 annos
896 3534 1012 3570 Sacrae
1027 3534 1099 3572 Con
1116 3535 1240 3584 effionis
1254 3533 1428 3572 Tribunal
1436 3535 1665 3573 abhorrebant
1676 3561 1688 3579 ,
1713 3535 1760 3572 ad
1779 3534 1868 3572 illud
1878 3535 1949 3584 jam
1962 3534 2175 3582 impatientes
2190 3533 2393 3569 currebant:

313 3567 409 3652 ἕξεί
428 3581 466 3606 aa
479 3582 592 3654 crza-cio
614 3587 688 3633 erar
704 3577 836 3636 finita,
857 3582 895 3616 in
921 3582 991 3631 ipsit
1015 3582 1082 3620 Ecc
1097 3585 1155 3633 ψη
1172 3592 1242 3632 pax
1266 3583 1359 3640 inter
1379 3583 1566 3643 diffidentes
1588 3584 1766 3642 conc-lusus
1785 3585 1871 3620 bona
1892 3582 2005 3619 aliena
2031 3580 2187 3631 restituta
2201 3580 2272 3620 &aa
2299 3579 2398 3630 Q:

302 3618 2397 3731 stains?bsassiznfztztsszffzzjibs{iziffizz'liffx'afii'ffzffi22331722550555Zssss'isi‘ixa’f‘iasiss's‘ss

315 3724 383 3748 '¹⁰²²
397 3713 471 3762 visa
484 3711 543 3764 effe
556 3716 758 3773 confitentur
775 3749 783 3758 .
808 3721 842 3758 Ο
856 3725 968 3771 qualis
978 3726 1094 3774 populi
1096 3728 1300 3776 frequentia
1343 3728 1472 3765 uoridie
1494 3729 1532 3763 in
1543 3727 1612 3765 Cat
1636 3726 1747 3778 edrali
1759 3728 1922 3763 convenit
1937 3732 1946 3764 s
1970 3726 2129 3763 Granum
2142 3724 2229 3761 milii
2243 3750 2254 3766 ‚
2275 3734 2315 3761 ur
2338 3727 2392 3763 ita

310 3759 429 3807 loquar
440 3786 453 3805 ,
478 3761 586 3799 locum
597 3767 646 3800 tbi
662 3779 726 3803 non
739 3769 883 3827 habebas
897 3796 907 3807 .
936 3770 1020 3809 Vidi
1029 3776 1072 3816 &¹
1083 3775 1183 3812 video
1196 3787 1249 3812 res
1260 3739 1541 3824 verssstupendat,
1554 3773 1812 3824 ‘Benediiiusfir
1828 3774 1921 3811 Deus
1935 3799 1944 3814 .
1969 3774 2012 3815 dr
2027 3773 2134 3811 Pater
2147 3773 2397 3823 misericor-dir

307 3819 383 3845 rum
396 3809 467 3854 (ΤΦ
495 3810 519 3846 Ρ
523 3821 562 3847 ¹0
586 3824 680 3851 more
699 3817 870 3865 applausu:
888 3821 1101 3870 Hyacinthus
1119 3823 1151 3863 se
1171 3823 1267 3862 illico
1285 3824 1470 3862 subducere
1485 3824 1618 3872 nequiit
1629 3847 1644 3870 ,
1665 3835 1743 3861 cum
1754 3825 1836 3860 duas
1852 3823 1987 3860 nobiles
2003 3821 2167 3859 Mulieres
2179 3846 2192 3867 ,
2217 3833 2291 3870 quae
2303 3821 2398 3862 inter

2227 3893 2257 3929 se
2274 3904 2350 3940 pet-
