2618 4108
382 231 553 313 232

325 320 489 362 Fratres
504 317 665 360 Ordinis
682 317 886 358 Minoru'm
902 312 1085 370 ejusdem
1100 315 1360 366 S.Francisci‚

331 377 526 433 Capucini
549 374 799 429 nuncupati,
823 374 1054 416 Provincia:
1070 374 1293 417 Turritanae
1319 374 1360 414 in
1431 413 1435 416 .

325 435 506 477 Sardinia
521 461 536 485 ‚
559 433 598 474 in
613 431 781 487 pacifica
801 459 815 482 2
838 431 936 473 sicut
953 432 1215 488 exponebant
1232 461 1246 483 ,
1272 430 1357 488 pos·

323 491 487 533 seslione
503 518 517 541 ,
541 491 662 532 etiam
686 503 759 545 per
780 491 1060 534 centenariam
1075 491 1327 543 completam
1341 515 1356 539 ‚

324 550 583 603 reperiantur
599 547 775 591 habendi
800 547 838 589 in
856 548 935 590 suis·
950 549 1236 592 Conventibus
1253 547 1358 604 ejus-

321 606 432 649 modi
455 606 519 661 pia
538 605 653 655 loca,
679 619 763 663 quae
785 602 1082 651 christifideles
1100 607 1356 661 hucusque)

327 665 708 719 frequentaverint,
738 664 1020 720 Indulgentias
1043 665 1239 722 ejusmodi
1265 665 1355 707 loca

331 723 415 766 rite
444 726 577 767 erec'ta
597 723 891 778 peragentibus
916 725 1116 767 concessas
1132 725 1354 780 acquirere.

325 779 537 825 credentes
553 810 567 833 ,
594 784 784 836 precibus
802 783 1046 825 Sandlissimo
1062 785 1239 824 Domino
1263 785 1352 825 No-

329 840 408 882 stro
426 840 648 885 Benedictio
671 841 749 885 PP.
768 842 885 883 XIV.
910 841 1135 884 humillime
1154 842 1352 898 porrectis

328 898 607 954 supplicabant
623 928 635 940 .

385 960 419 1000 Ι.
454 959 669 1000 Declarari
683 988 698 1009 ,
711 967 939 1013 peragentes
951 958 1021 1013 pia
1035 962 1135 1000 Loca
1158 961 1233 1001 Viae
1247 961 1349 1000 Cru-

439 1018 494 1058 cis
520 1016 638 1075 uslque
663 1017 707 1058 de
732 1029 830 1058 anno
851 1017 970 1058 1616.
990 1016 1116 1058 erecta
1140 1017 1250 1071 apud
1269 1015 1348 1072 eofi

439 1074 523 1118 dem
542 1077 626 1119 FF.
647 1078 856 1130 Capucinos
875 1074 1019 1117 Montis
1035 1075 1075 1116 di
1092 1073 1352 1121 ValverdQ,

437 1133 653 1188 nuncupati
681 1142 794 1175 extra
822 1137 959 1174 maenia
987 1132 1175 1176 Civitatis
1201 1132 1351 1175 Sacert's

439 1191 482 1233 in
501 1192 684 1233 Sardinia
695 1191 840 1248 easdem
857 1191 1117 1247 indulgentias
1146 1192 1323 1249 constqui
1332 1221 1348 1242 ‚

439 1264 535 1306 quas
560 1251 780 1305 peragendo
810 1250 994 1308 ejusmodi
1027 1253 1131 1292 Viam
1159 1251 1295 1294 Crucis
1323 1250 1350 1292 d

437 1307 655 1353 Fratribus
663 1306 840 1365 praefato
859 1307 1047 1366 Ministro
1063 1311 1249 1351 Generali
1266 1312 1351 1351 Mi-

438 1379 576 1408 norum
593 1366 637 1406 dc
659 1366 917 1424 Obsi-tvantia
925 1367 1114 1424 siebjcc‘iis
1140 1366 1350 1411 aretiam.

438 1425 758 1480 consequerentur
772 1451 787 1472 ·,
818 1427 870 1475 ὠ·
884 1438 1074 1481 quatenus
1093 1426 1248 1482 opusfit
1265 1454 1279 1478 ‚
1304 1439 1351 1468 cx

438 1488 592 1536 integro
604 1484 752 1524 concedi
766 1512 778 1524 .

380 1546 437 1587 11.
445 1546 492 1584 Et
507 1540 723 1598 bujufinodi
739 1543 953 1585 declaratio
953 1543 1029 1601 stu
1043 1542 1208 1600 concffa
1221 1553 1346 1586 exten·

437 1601 558 1642 datur
572 1604 690 1640 etiam
706 1600 760 1639 ad
777 1611 916 1641 coetcra
931 1602 1116 1657 ejusmodi
1124 1606 1197 1657 pia
1220 1605 1348 1644 loce-2

446 1659 520 1701 Viae
548 1658 683 1699 Crucis
710 1658 736 1698 a
764 1658 876 1700 dictis
905 1662 1120 1704 Fratribus
1144 1661 1349 1716 Capucinis

435 1715 599 1760 ubilibet
606 1715 695 1772 jam
708 1717 834 1759 erebia
850 1746 862 1759 .

1098 1805 1320 1915 Νό

1135 173 1647 291 Provincia

1476 319 1554 360 111.
1590 316 1642 354 Ut
1656 309 1788 353 eadem
1792 308 1977 367 facultas
1993 310 2177 370 ejusmodi
2190 315 2351 369 locapia
2374 315 2450 361 Viae

1538 373 1674 415 Crucis
1700 369 1876 424 erigendi
1889 382 1974 410 cum
1990 373 2241 426 Indulgentiis
2255 375 2343 429 jam
2361 387 2452 415 con-

1535 429 1632 486 ceffls
1647 457 1660 479 ,
1685 426 1806 470 etiam
1825 427 2041 470 Fratribus
2059 433 2265 484 capucinis
2283 444 2451 476 commu-

1533 493 1688 530 nicetur
1715 500 1755 528 eo
1770 486 1875 528 modo
1890 515 1904 537 ,
1929 500 2005 541 quo
2026 492 2081 529 ad
2102 491 2264 530 Fratres
2291 491 2448 533 Ordinis

1532 546 1736 590 Minorum
1761 546 1806 587 de
1827 544 2088 602 observantia
2103 544 2442 605 Reformatorum

1533 605 1709 663 Rccefitis
1732 605 1779 652 ὅ
1798 604 1841 645 de
1858 604 2116 660 Ambrostana
2129 615 2341 660 nuncupat.
2365 608 2448 664 sub

1535 663 1595 704 die
1613 663 1677 704 16.
1699 664 1900 716 ‘Jdnuarii
1915 663 2112 707 currentis
2131 667 2228 705 anni
2249 667 2449 722 extensa-..s

1552 731 1635 763 uit.

1473 720 1629 822 EaJdem
1646 781 1841 823 Sanctitas
1858 780 2103 833 sua‚auditis
2117 780 2448 824 OrdinarioTur-

1413 838 1548 880 ritano
1563 866 1576 888 ,
1600 839 1639 880 &
1662 840 1940 882 Procuratore
1963 840 2162 883 Generali
2186 841 2342 896 praefati
2366 843 2446 883 Or-

1411 897 1516 938 dinis
1532 897 1584 938 de
1601 896 1871 941 Observantia
1888 925 1901 949 ,
1924 912 1967 941 ac
1986 898 2192 943 referente
2209 899 2279 941 sub
2292 900 2362 942 die
2375 902 2445 944 28.

1411 955 1616 999 Novemb.
1637 968 1754 1008 174²·
1780 958 1848 997 Me
1871 956 2139 1013 infrascripto,
2151 962 2240 1001 Sac.
2258 961 2447 1012 Congre-

1413 1015 1586 1069 gntionis
1606 1013 1879 1069 Indulgentiis
1908 1014 2106 1071 sacrisque
2123 1016 2328 1071 Reliquiis
2341 1030 2445 1072 prae-

1412 1076 1546 1129 pofitae
1560 1073 1793 1116 Secretario
1806 1072 1982 1128 benigne
2005 1075 2237 1130 respondit:

1469 1133 1538 1176 Ad
1564 1135 1735 1174 Primum
1752 1141 1831 1187 pro
1857 1130 2098 1189 comestione.

1470 1191 1541 1235 Ad
1550 1190 1762 1232 secundum
1776 1200 1991 1233 recurrant
2006 1196 2050 1234 in
2067 1191 2158 1250 casu
2165 1193 2416 1246 particulari
2426 1220 2440 1236 .

1472 1248 1539 1295 Ad
1556 1248 1733 1292 Tertium
1749 1251 1930 1306 negativi
1941 1277 1952 1288 .

1551 1357 1608 1408 L.
1625 1357 1753 1407 Card·
1767 1358 1906 1408 ‘Picus
1940 1357 2068 1427 Praef.

1701 1490 1755 1528 A.·
1771 1489 1831 1529 Μ.
1848 1485 1956 1530 Erba
1984 1486 2117 1530 Proth.
2137 1487 2267 1544 Apost.
2291 1474 2438 1532 secrctss

1468 1609 1528 1648 Ex
1545 1607 1640 1659 Reg.
1656 1606 1800 1644 Secret.
1819 1607 1960 1658 Congr.
1983 1604 2114 1661 mensis
2132 1605 2180 1652 (9·
2194 1607 2291 1646 anni
2306 1609 2437 1662 praed,

1528 1664 1575 1710 ὅ
1592 1661 1761 1704 habetur
1785 1663 1978 1716 exemplar
1993 1663 2103 1707 auth.
2131 1666 2173 1702 in
2193 1663 2312 1706 Arcb·
2338 1669 2438 1710 Gen.

1528 1722 1624 1765 Ord.
1641 1724 1832 1767 Armario
1846 1722 2064 1766 Provincia
2079 1721 2295 1764 Turritana
2308 1753 2320 1765 .

1413 1852 1654 1917 TA.

314 1987 613 2078 ACquiescere
639 1987 718 2024 huic
739 1989 891 2026 Decreto
906 1989 974 2027 1³1³.
995 1989 1230 2027 Observantes
1253 1992 1463 2036 noluerunt,
1487 1992 1523 2028 &
1545 2001 1688 2029 econtra
1711 1990 1798 2028 illud
1822 2001 1918 2026 novo
1940 1992 2075 2028 recursu
2102 1991 2138 2027 &
2163 2001 2328 2039 praetextu
2355 1992 2432 2030 sub·

432 2047 566 2074 vertere
583 2038 697 2072 conati
710 2037 960 2082 sunndicemes,
973 2041 1068 2088 quod
1082 2062 1095 2081 ‚
1108 2040 1233 2075 ctiamli
1247 2039 1315 2076 Via
1328 2040 1584 2085 crucis‚eresta
1597 2044 1616 2077 a
1630 2040 1806 2077 fratribus
1819 2039 2145 2081 nostris,Pontilicio
2161 2043 2317 2078 Oraculo
2331 2041 2434 2078 fuerit

312 2084 682 2130 munita‚nihilominus
693 2086 817 2121 exinde
842 2087 1077 2133 indulgentias
1094 2100 1163 2124 non
1182 2088 1305 2125 habeat
1328 2101 1569 2132 annexas‚cum
1588 2090 1688 2126 Bulla
1710 2088 1900 2125 Clementis
1922 2089 1990 2125 PP.
2009 2090 2043 2125 X
2051 2091 2094 2125 ll.
2116 2089 2275 2136 expresse
2289 2091 2434 2135 docear,

316 2137 525 2171 erectionem
539 2137 558 2169 a
572 2144 788 2180 quocumque
809 2135 899 2179 alio,
915 2148 1033 2179 praetet
1044 2137 1278 2175 Observantes
1291 2137 1434 2180 ,saetam
1448 2163 1462 2183 ,
1475 2137 1706 2183 indulgentiis
1727 2149 1796 2172 non
1810 2137 1961 2183 gaudere
1977 2161 1989 2180 ,
2014 2138 2108 2183 quod
2121 2137 2155 2173 St
2181 2140 2333 2174 Decreto
2347 2140 2426 2176 Sac.

310 2183 518 2227 congregat
544 2182 835 2226 indulgentiarum
857 2187 1082 2231 comprobare
1104 2186 1318 2230 nitebantur,
1328 2188 1424 2222 edito
1449 2197 1508 2232 25.
1527 2186 1638 2233 April.
1653 2197 1741 2222 anno
1763 2196 1889 2232 ¹⁷35*
1915 2197 1991 2220 nam
2006 2185 2180 2232 propofito
2200 2196 2280 2222 tunc
2295 2188 2427 2223 dubios

309 2230 389 2268 ‘Aa
405 2230 629 2278 Indulgentiae
649 2227 752 2267 Viam
769 2233 894 2269 Crucis
904 2235 1154 2281 peragentibus
1175 2234 1196 2270 ὰ
1213 2236 1252 2272 S.
1265 2234 1355 2272 Sede
1370 2232 1519 2285 conceffae
1533 2259 1546 2279 ,
1570 2236 1673 2271 etiam
1698 2233 1744 2269 ad
1758 2230 1843 2270 Vias
1858 2233 1983 2270 Crucis
2006 2233 2130 2270 creatas
2148 2233 2169 2269 ἃ
2187 2245 2255 2270 non
2270 2235 2432 2284 subjefiiis

307 2279 474 2330 Ministro
497 2277 663 2316 Generali
687 2279 837 2317 Ordinis
855 2282 896 2320 S·
910 2281 1087 2332 Francisci
1103 2282 1334 2332 Regularium
1348 2282 1618 2332 observantium
1640 2282 1780 2331 extensae
1802 2281 2048 2330 intelligantur
2064 2286 2079 2318 ,Ρ
2105 2280 2185 2320 Fuit
2209 2283 2400 2333 responsum
2413 2309 2428 2330 ,

310 2327 475 2377 negative
489 2354 498 2365 .

407 2376 657 2423 lmpugnfirunt
671 2377 705 2413 &
731 2378 852 2414 eadem
869 2379 1045 2418 occafione
1070 2395 1108 2419 ac
1134 2380 1269 2418 noviter
1284 2381 1518 2428 poffeffionem
1533 2381 1719 2427 legitimam
1731 2381 1751 2416 a
1766 2380 1882 2416 Nobis
1897 2377 2075 2416 addufflm
2089 2403 2102 2422 ,
2126 2379 2302 2417 afferentes
2321 2405 2336 2425 ‚
2363 2383 2421 2420 ln-

311 2427 511 2474 dulgentias
530 2425 606 2462 Via:
622 2426 748 2463 Crucis
762 2428 924 2464 exercitio
939 2431 1108 2468 concessas
1127 2455 1139 2474 ‚
1163 2443 1232 2467 non
1254 2431 1350 2476 priiss
1366 2453 1379 2473 ‚
1402 2433 1503 2477 quam
1524 2434 1544 2467 a
1566 2432 1623 2467 fel.
1639 2442 1705 2467 rec.
1723 2429 1905 2466 Benedifto
1919 2429 2024 2464 ΧΙΙΙ.
2047 2428 2089 2463 ad
2108 2441 2229 2464 ornnes
2249 2430 2428 2468 Christifi-

313 2477 409 2512 deles
425 2500 436 2518 ‚
462 2474 555 2510 fuiffe
570 2474 749 2521 ampliatas
763 2499 775 2518 ,
798 2476 833 2511 8<
849 2477 932 2514 hanc
952 2480 1204 2526 ampliationem
1220 2488 1388 2516 recentem
1405 2478 1518 2526 potius
1529 2503 1542 2522 ‚
1566 2481 1668 2526 quam
1683 2478 1856 2524 antiquam
1876 2477 2051 2514 dicendam
2065 2475 2129 2512 effe
2144 2478 2393 2516 contenderunt
2407 2508 2418 2519 .

314 2525 389 2560 lm'o
407 2526 532 2560 attenta
546 2524 805 2560 Constitutione
827 2526 940 2562 Clem.
955 2528 1039 2564 ΧΗ.
1059 2530 1193 2566 munita
1208 2527 1374 2565 consuetis
1396 2529 1554 2566 clausulis
1567 2526 1708 2575 sublata
1730 2526 1930 2567 &Decreta
1951 2527 2120 2562 irritante
2143 2538 2418 2575 quamcunque.»

309 2573 598 2610 consuetudinem
614 2572 662 2607 ita
679 2573 876 2615 abrogatam
890 2574 1076 2613 inferebant
1100 2601 1111 2618 ‚
1134 2589 1172 2612 ur
1186 2577 1314 2614 censeri
1326 2577 1473 2622 debeat,
1497 2589 1536 2614 ae
1552 2577 1575 2612 sl
1589 2586 1758 2622 nunqnam
1775 2575 1886 2611 fuiffet
1898 2599 1910 2610 .

409 2621 555 2666 Scriptis
581 2620 614 2655 8<
641 2620 741 2655 dictis
755 2632 865 2674 aurem
892 2623 997 2669 usque
1021 2625 1066 2660 ad
1084 2627 1208 2662 molem
1230 2625 1454 2670 coacervatis,
1471 2626 1783 2662 PP-Observantes
1805 2624 1899 2660 aliud
1919 2635 1988 2659 non
2009 2621 2148 2660 effecere
2160 2647 2173 2668 ,
2198 2625 2300 2670 quam
2321 2625 2416 2671 quod

313 2667 477 2704 Posseffio
499 2670 612 2703 nostra
628 2667 728 2704 fuerit
747 2672 944 2706 confirmata
961 2695 975 2715 ,
999 2673 1034 2709 &
1053 2674 1342 2717 indulgentiarum
1368 2674 1567 2713 communio
1579 2673 1660 2711 Viis
1675 2673 1797 2712 Crucis
1810 2675 1831 2709 ὲ
1847 2673 1967 2710 Nobis
1978 2672 2098 2710 eteritis
2110 2671 2179 2710 line
2193 2671 2416 2711 differentia..

315 2716 467 2754 conceffa
481 2738 494 2761 ,
519 2717 805 2764 quemadmodum
817 2728 911 2765 patet
931 2733 974 2757 ex
991 2732 1146 2759 emanato
1163 2723 1306 2770 desuper

995 2834 1729 2885 DECRETO

1082 2949 1321 3003 Pro-vinciae
1361 2952 1599 3004 Turritanae
1618 2990 1631 3004 .

402 3060 491 3100 Cum
516 3061 537 3099 ἃ
558 3062 733 3114 longiſjimo
759 3073 905 3114 tempore
917 3067 1014 3116 pium
1030 3090 1040 3106 ‚
1061 3068 1281 3118 sanfiumque
1303 3072 1505 3109 exercitium
1530 3069 1604 3109 Viae
1628 3071 1754 3109 Crucis
1772 3094 1785 3114 ‚
1809 3079 1851 3107 ut
1868 3074 2019 3111 vocant,
2045 3065 2180 3105 obirent
2203 3065 2267 3104 FF·
2290 3067 2411 3105 M57¹⁰‘

308 3121 364 3167 τρε
385 3111 556 3158 Capucini
566 3115 757 3162 nuncupati
768 3137 779 3154 ‚
791 3114 987 3152 Provinciae
1003 3115 1204 3155 Turritanoe
1216 3119 1314 3166 ‚suos
1325 3129 1426 3168 penes
1450 3122 1646 3158 Conventus
1657 3143 1670 3163 ,
1693 3130 1835 3167 cumque
1847 3114 2062 3164 promulgate?
2065 3115 2217 3163 subinde
2233 3115 2407 3165 Constitu·

303 3167 394 3195 tione
421 3171 448 3193 s.
464 3170 506 3215 ζη-
527 3159 710 3199 Clementis
725 3162 807 3199 XII.
831 3163 928 3212 cujus
950 3165 1093 3203 initium
1118 3165 1160 3215 est
1180 3179 1190 3202 ε
1216 3168 1354 3214 Exponi
1377 3170 1516 3210 Nobis;
1543 3170 1613 3216 qua
1627 3167 1781 3216 facultas
1800 3165 1958 3213 erigendi
1980 3162 2082 3202 Viam
2101 3165 2226 3202 Crucis
2242 3163 2405 3214 Ministro

302 3205 471 3241 Generali
490 3207 638 3245 Ordinis
652 3211 864 3251 &minorum
881 3213 923 3249 de
937 3212 1172 3261 Observantia
1186 3215 1214 3253 S
1218 3240 1224 3249 -
1239 3214 1414 3265 Francisci
1425 3241 1438 3262 ,
1462 3216 1709 3265 Fratribusque
1729 3216 1773 3251 ab
1785 3225 1820 3250 eo
1833 3213 2101 3260 dependentibus
2120 3214 2297 3250 tribuitur
2309 3236 2322 3255 ‚
2349 3212 2410 3261 ipsi

304 3251 444 3288 Fratres
464 3254 652 3301 Capucinos
678 3261 716 3295 in
738 3257 918 3310 poffeffione
938 3260 1040 3310 hujus
1063 3264 1222 3301 exercitii
1240 3264 1427 3302 deturbare
1449 3266 1611 3314 coeperint
1626 3289 1641 3308 ,
1664 3265 1705 3300 ob
1725 3264 1764 3300 id
1782 3262 1976 3311 potiffimum
1994 3289 2004 3304 ,
2029 3261 2119 3311 quod
2135 3261 2252 3298 erest-33⁰
2275 3261 2318 3297 ab
2339 3261 2411 3310 '‘pst'‘

300 3299 396 3347 suffla
410 3312 475 3336 non
489 3301 564 3351 effet
578 3326 591 3347 9
614 3307 824 3346 Procurator
843 3310 1024 3347 Generalis
1050 3312 1305 3359 Capucinorum
1324 3313 1371 3349 ad
1394 3314 1596 3350 removenda
1614 3313 1735 3362 jurgia
1757 3312 1800 3354 ὡ·
1813 3309 2016 3362 diffensiones
2036 3322 2111 3347 cum
2128 3307 2404 3360 Chrislffidelium

293 3346 456 3395 ,[Μϋᾶαἶῠ
472 3350 655 3409 subortas,
679 3357 759 3393 Sac.
783 3359 1296 3409 Congregaeioni‚Indulgentiis
1309 3385 1323 3406 ,
1339 3361 1516 3411 sacrisque
1529 3361 1610 3398 Reli
1633 3363 1703 3398 uiis
1724 3362 1912 3409 praepofitae,
1918 3368 1981 3407 pro
2003 3359 2260 3396 manutentione
2282 3357 2320 3392 in
2330 3356 2405 3406 pos-
2431 3387 2435 3393 .

297 3395 432 3443 fiffione
455 3397 627 3435 erectionis
650 3405 812 3441 antediili
830 3408 1015 3451 exercitii,
1039 3409 1081 3450 (ξ’
1097 3417 1158 3456 pro
1180 3409 1478 3458 Indulgentiarum
1496 3373 1688 3495 concffone
1700 3410 1904 3446 humillimas
1923 3416 2038 3454 preces
2056 3407 2238 3455 porrexit.

400 3443 524 3493 Qtre
548 3447 661 3484 eadem
677 3451 758 3487 Sao.
776 3454 1003 3502 Congregatio
1018 3455 1136 3493 audito
1151 3457 1382 3495 Prot-aratore
1395 3457 1560 3496 Generali

1628 3482 1638 3493 .
1652 3459 1830 3496 Minorum
1853 3458 1894 3493 de
1913 3456 2147 3505 observantia
2159 3478 2173 3499 ‚
2203 3455 2246 3495 ὼ·
2259 3451 2405 3502 stragulis

299 3491 474 3527 rationum
494 3498 714 3533 monumentis
727 3498 897 3540 hincinde
907 3503 1058 3541 deduttis
1070 3528 1080 3547 ,
1091 3507 1285 3557 coeterisque
1302 3506 1434 3557 dejure
1447 3506 1608 3544 videndis
1618 3505 1752 3545 mature
1766 3505 1932 3557 perpensts
1944 3527 1958 3550 ‚
1981 3515 2020 3543 ac
2030 3503 2194 3554 formatis
2207 3501 2337 3540 demum
2350 3501 2405 3538 his

298 3537 436 3588 desuper
463 3539 579 3577 dubiis
595 3564 610 3585 ,
633 3554 769 3593 nempe:

403 3634 433 3672 Ι-
461 3635 524 3672 An
539 3635 576 3674 V
573 3638 612 3673 ἰῶ
636 3637 760 3698 Crucis
780 3646 897 3683 ennio
915 3648 936 3685 ἃ
949 3650 1024 3690 ΡΡ.
1042 3651 1228 3700 Capueinis
1244 3653 1283 3688 in
1295 3653 1488 3692 Provincia
1504 3653 1701 3692 Turritana
1720 3662 1802 3691 ante
1817 3650 2120 3702 promulgationem
2137 3647 2403 3700 Constitutionis

397 3730 444 3769 H·
472 3685 778 3770 Usqgnmqlerlritetnns
792 3692 876 3729 XII.
891 3696 1129 3746 sustineatur?
1154 3701 1198 3757 ᾧ·
1218 3712 1386 3759 quatenus
1402 3701 1627 3760 affirmativi..
1751 3751 1760 3760 .
2104 3749 2113 3758 .
2184 3747 2193 3756 .

638 3735 670 3820 έ
737 3741 950 3783 concedenda
973 3747 1199 3797 Indulgentiae
1212 3771 1226 3796 ,
1249 3752 1374 3799 quibus
1391 3752 1549 3801 gaudent
1561 3749 1637 3799 Vsu
1650 3749 1776 3802 Crucis
1787 3748 1898 3801 erciiae
1921 3748 1943 3786 ὰ
1965 3748 2041 3790 ΡΡ.
2053 3747 2258 3788 Mmorubus
2273 3747 2399 3797 Obser-

493 3782 622 3818 vantiae
669 3806 678 3817 .
693 3781 861 3835 Francisci
873 3791 889 3823 ?

2278 3845 2348 3882 Die
