2716 4042
424 175 618 262 xviii
887 158 2024 255 PROSEC‘UTIO

353 294 595 358 motiva
634 286 719 351 est
762 287 861 349 illa
897 332 915 359 ,
963 286 1087 373 quei
1136 307 1268 350 non
1305 283 1449 347 data
1481 333 1499 360 ,
1548 286 1842 372 Princeps
1877 301 1978 347 aut
2015 278 2286 347 absolute
2324 304 2494 356 non,

353 401 459 451 aut
498 381 709 447 saltem
745 401 875 441 non
920 375 1032 440 nisi
1075 377 1338 444 limitat&-=
1362 425 1378 451 ,
1408 374 1669 454 dedisset
1690 373 2122 466 Rescriptum:
2169 374 2492 466 impulsiva

352 481 509 543 vero
549 475 633 540 est
665 495 768 542 ea,
820 472 941 560 quei
974 493 1109 534 non
1139 470 1435 537 existente
1475 471 1773 557 Princeps
1803 471 1872 533 in
1905 468 2189 534 favorem
2227 469 2492 561 quidem

352 563 759 657 rescripsisset,
783 561 887 627 sed
911 586 1044 627 non
1069 580 1198 629 tam
1220 562 1399 630 facile
1416 611 1429 626 .
1453 565 1547 627 Ex
1573 584 1701 652 quo
1725 560 1963 627 causam
1988 563 2275 652 primam,
2298 559 2490 652 ipsam

354 656 764 727 conceffionis
804 655 1194 723 substantiam
1220 708 1237 733 ,
1273 658 1332 722 8(
1356 673 1608 721 econtra
1631 654 1992 732 secundam,
2036 655 2302 719 modum
2343 677 2491 732 con-‚-

357 750 638 818 cessionis
674 747 958 826 afficere,
1000 749 1166 816 fluit.

531 847 725 907 Porro
751 841 1214 933 subreptionem
1246 869 1322 911 ex
1353 844 1524 911 causa
1554 840 1792 912 motiva
1822 847 2039 912 vitiare
2069 843 2491 933 Rescriptum,

350 939 630 1025 illudque
670 937 931 1001 reddere
956 939 1191 1002 nullum
1216 955 1575 1029 patet‚tum
1621 961 1698 1002 ex
1736 936 1865 1028 ipsa
1897 936 2072 1028 cause
2113 937 2294 1024 hujus
2336 933 2487 1002 defi,

348 1033 591 1097 nitione
615 1079 630 1106 ,
679 1045 809 1093 tum
847 1054 921 1096 ex
959 1032 1143 1097 variis
1178 1033 1489 1124 utriusque
1528 1032 1673 1117 juris
1702 1032 1996 1098 textibuS.
2042 1032 2237 1111 Quod
2265 1030 2326 1094 8(
2359 1028 2491 1095 sub2·

338 1123 497 1189 —s1stit
532 1175 548 1201 ,
596 1121 828 1188 etiamsi
870 1122 1185 1215 subreptio
1229 1129 1603 1217 contingat,
1662 1126 1764 1190 vel
1806 1148 1919 1214 per
1961 1125 2492 1190 taciturnitatem...

347 1220 532 1294 veri,
586 1219 687 1282 vel
729 1216 1182 1305 suggestionem
1222 1219 1350 1286 falsi
1380 1271 1396 1298 ,
1437 1245 1578 1287 cum
1621 1218 1704 1309 he
1748 1220 1910 1284 inter
1956 1217 2012 1283 se
2058 1215 2490 1307 parificentur,

348 1313 406 1376 8(
430 1311 757 1376 Oratorem
779 1313 1046 1377 reddant
1073 1335 1244 1379 reum
1281 1317 1414 1380 doli
1449 1313 1843 1379 &mendacii
1863 1360 1878 1388 ,
1909 1313 2086 1402 quod
2120 1334 2253 1375 non
2289 1308 2488 1374 solum

348 1405 624 1469 dicendo
655 1453 670 1479 ‚
719 1401 823 1468 sed
866 1406 924 1468 8(
961 1408 1233 1469 tacendo
1267 1409 1708 1473 committitur.
1757 1406 1834 1473 L.
1861 1428 1936 1472 ea
1961 1455 1976 1482 ,
2025 1428 2159 1494 qnoe
2193 1424 2489 1470 commen-

349 1498 508 1564 dant
529 1546 544 1572 ,
592 1497 693 1561 ubi
714 1495 895 1562 Bart.
916 1521 973 1562 n.
999 1521 1047 1561 1.
1078 1500 1184 1566 hoc
1202 1499 1438 1566 inducit
1470 1502 1559 1565 ad
1581 1501 1764 1586 teste&
1774 1495 1857 1586 ff
1889 1499 1959 1566 de
1995 1497 2272 1566 contr-ah.
2307 1511 2486 1582 empt.

325 1590 473 1675 Jas
504 1593 575 1656 in
617 1590 652 1654 l.
677 1591 1135 1679 praestriptione
1174 1593 1244 1656 in
1296 1617 1349 1656 2.
1392 1609 1514 1657 not.
1551 1591 1612 1657 C.
1627 1593 1701 1677 st
1734 1608 1951 1658 contra
1975 1594 2092 1675 jus
2122 1642 2138 1668 ‚
2179 1593 2283 1657 vel
2320 1590 2487 1657 utili-

350 1700 551 1750 tatem
576 1684 915 1771 publicam.
964 1683 1295 1774 Habetque
1336 1686 1545 1751 locum
1588 1705 1719 1751 tum
1756 1687 1822 1748 in
1852 1683 2189 1773 Rescriptis
2228 1700 2484 1754 conten-

347 1777 516 1843 tiofis
541 1827 556 1853 ,
580 1795 712 1841 tum
734 1777 798 1839 in
824 1776 1104 1863 gratiosis
1123 1828 1139 1854 ,
1177 1780 1309 1842 imo
1340 1780 1542 1867 potius
1562 1779 1622 1843 8(
1641 1777 1896 1841 fortiore
1919 1778 2158 1840 ratione
2188 1778 2255 1841 in
2291 1774 2487 1862 hisce,

349 1871 414 1937 F
404 1895 641 1959 agnan.
660 1873 732 1936 in
752 1890 795 1933 c.
810 1871 998 1958 super
1014 1871 1172 1940 Litt.
1191 1896 1249 1937 n.
1275 1895 1307 1936 2
1325 1894 1372 1936 1.
1398 1870 1476 1940 &³
1501 1895 1598 1938 22.
1620 1869 1947 1960 Subreptio
1971 1886 2224 1935 econtra
2247 1870 2489 1941 contin-

347 1989 502 2054 gens
545 1966 612 2029 in
646 1961 818 2029 causa
850 1962 1175 2052 impulsiva
1204 2015 1220 2042 ,
1271 1963 1396 2031 sive
1438 1968 1695 2032 veritate
1732 1960 2041 2054 suppressa
2064 2013 2080 2040 ,
2129 1964 2231 2029 vel
2273 1959 2486 2028 salsita-

346 2078 408 2124 te
452 2055 730 2147 expressa
763 2104 780 2131 ,
828 2057 1217 2147 Rescriptum
1250 2081 1405 2123 non
1459 2059 1791 2124 invalidat.
1842 2058 1936 2123 Ita
1972 2055 2176 2148 Gloffa
2211 2059 2281 2123 in
2314 2054 2376 2120 C.
2413 2079 2482 2129 ex

339 2169 529 2240 parte
579 2175 674 2234 14.
716 2150 776 2217 V.
791 2149 969 2237 fassa
1006 2150 1078 2217 de
1110 2153 1381 2238 convers.¹
1416 2149 1660 2239 Conjug.
1688 2153 1891 2219 dicens
1922 2154 2093 2218 inter
2115 2150 2249 2216 alia
2270 2199 2285 2226 ,
2320 2147 2487 2240 quod

346 2270 472 2313 non
504 2245 925 2332 consideratur·
963 2294 979 2321 ,
1024 2269 1157 2335 quoe
1172 2246 1383 2333 fuerit
1427 2246 1607 2330 causti
1649 2245 2004 2334 impulsiva.
2054 2242 2484 2310 Covarruvias

348 2340 385 2404 l.
414 2364 461 2404 1.
497 2343 742 2407 variar.
785 2339 1016 2424 resblut.
1056 2363 1103 2405 c.
1126 2363 1224 2405 20.
1269 2364 1326 2404 n.
1373 2362 1424 2421 5.
1471 2341 1751 2406 Sanchez
1792 2339 1891 2406 lib.
1942 2345 1994 2404 8.
2053 2336 2123 2402 de
2174 2335 2480 2409 [marim.

348 2434 616 2522 disjzzr.
652 2457 712 2499 n.
741 2458 763 2498 1
787 2454 834 2495 1.
882 2431 960 2502 δέ)
994 2457 1105 2498 12.4
1131 2434 1348 2527 qum.
1381 2483 1398 2509 ,
1443 2431 1695 2522 Engel„
1735 2433 2023 2517 Pirhing.
2062 2426 2141 2497 δέ)
2181 2429 2302 2495 alii
2348 2451 2482 2496 con.-

350 2544 460 2593 tra
502 2527 658 2593 alios
693 2524 772 2594 δέ)
797 2544 1061 2613 paucos:
1112 2550 1258 2591 nam
1295 2529 1360 2591 in
1390 2526 1527 2591 casu
1568 2551 1698 2591 non
1728 2526 1963 2590 tollitur
1998 2546 2075 2590 ex
2105 2538 2279 2610 parte
2309 2522 2481 2592 Prin-

342 2621 503 2710 cipis
542 2620 962 2685 voluntarium
987 2667 1004 2693 ,
1040 2643 1183 2686 cum
1225 2623 1402 2685 causa
1436 2618 1767 2709 impulsiva
1802 2618 2077 2692 remota,
2115 2615 2322 2681 adhuc
2361 2615 2481 2688 Reff-

342 2711 639 2801 scriptum
682 2714 928 2777 daturus
970 2709 1139 2778 fuisse
1171 2710 1555 2803 supponatur
1578 2762 1594 2789 ,
1643 2711 2047 2803 quantumvis
2073 2733 2204 2774 non
2237 2726 2365 2774 tarn
2397 2706 2479 2773 sa-

342 2807 460 2870 cile
495 2808 553 2872 8(
582 2807 707 2875 cito
728 2856 743 2882 ,
780 2807 839 2871 8(
868 2807 946 2871 ad
978 2807 1255 2871 valorem
1279 2805 1610 2898 Rescripti,
1640 2806 1946 2894 Principis
1980 2803 2246 2893 potestas
2276 2802 2336 2867 8(
2370 2824 2480 2868 νο-

347 2901 551 2966 luntas
586 2897 844 2966 sufficiat
891 2922 935 2964 c.
974 2921 1108 2964 cum
1124 2901 1315 2987 supen-
1347 2925 1448 2982 23.
1491 2902 1564 2967 de
1604 2897 1775 2986 Offic.
1820 2898 2024 2986 Deleg.
2049 2896 2176 2967 &a

530 2996 823 3058 Errorem
850 3011 1076 3057 -autem
1131 2993 1196 3058 in
1247 2992 1419 3060 causa
1457 2995 1698 3060 motiva
1741 2993 2107 3078 contingere
2145 3007 2295 3057 tunc
2334 3010 2476 3062 cen-

346 3085 603 3153 sendum
644 3085 765 3163 est,
815 3087 1071 3176 quando
1108 3109 1232 3151 una
1265 3085 1437 3154 causa
1470 3086 1594 3152 sola
1630 3088 1696 3150 in
1728 3083 2055 3174 Rescripto
2097 3083 2475 3173 exprimitur.

348 3178 505 3243 Abb.
544 3203 587 3244 c.
629 3204 755 3270 qua
797 3183 966 3247 circa
1002 3204 1060 3246 η.
1083 3190 1139 3247 6.
1173 3181 1245 3246 de
1276 3182 1556 3269 consang.
1599 3177 1677 3249 Εὖ)
1716 3175 1932 3265 affinit.
1969 3178 2266 3267 Princeps
2301 3175 2474 3239 enim

346 3273 613 3357 gratiam
650 3272 776 3339 fine
812 3271 985 3339 causa
1021 3276 1365 3341 concedere
1407 3277 1509 3341 vel
1544 3270 1890 3363 dispensare
1926 3294 2057 3337 non
2102 3267 2472 3342 consuescit,

347 3385 489 3427 cum
553 3364 718 3448 juxta
778 3369 1102 3456 vulgatum
1159 3370 1404 3436 axioma
1466 3372 1634 3435 ratio
1684 3367 1875 3456 Legis
1921 3365 2018 3453 stt
2081 3367 2303 3432 anima
2351 3362 2473 3430 Le-

340 3479 449 3543 gis
470 3504 483 3519 .

530 3550 599 3615 In
640 3555 934 3619 concursu
982 3574 1186 3621 autem
1231 3559 1500 3646 plurium
1548 3554 1905 3631 causarum,
1953 3574 2228 3645 quenam
2272 3573 2346 3616 ex
2394 3550 2472 3614 iis

348 3639 528 3707 fuerit
585 3646 829 3711 motiva
857 3696 874 3723 ,
918 3651 1020 3712 vel
1060 3650 1388 3744 impulsiva
1434 3654 1733 3720 duntaxat
1765 3700 1783 3729 ,
1818 3651 2015 3736 juxta
2064 3641 2471 3737 Rctffiffluel·

790 3768 793 3771 ,
2233 3756 2377 3808 tom.
