2716 4042
435 232 553 288 xx
875 197 2074 292 PROSECvTIO

376 313 571 405 figura
626 316 957 389 verborum
986 368 1004 394 ,
1058 318 1240 384 etiam
1282 320 1349 385 in
1387 320 1577 411 figura
1612 319 1936 412 substantie
1974 323 2311 390 claudicare
2350 357 2368 402 ,
2423 325 2484 391 8(

377 409 639 480 deficere
657 464 675 491 ,
696 433 834 474 cum
864 412 1094 477 eodem
1133 413 1297 479 Bald.
1318 415 1669 480 concludit.

552 508 694 572 Nec
729 499 924 567 obstat
959 504 1148 570 fidem
1190 505 1536 572 testamenti
1566 556 1583 583 ,
1631 524 1733 574 aut
1765 510 2022 574 aliorum
2060 507 2484 576 instrumento·-

370 626 507 670 rum
522 604 715 687 juxta
751 595 1060 690 Gloffifin.
1081 598 1152 663 in
1172 597 1224 663 d.
1248 619 1292 662 c.
1324 597 1403 669 &³
1426 600 1578 665 Abb.
1599 601 1687 667 ibi
1720 623 1778 665 n.
1804 625 1858 683 3.
1890 600 2242 686 hujusmodi
2273 625 2479 668 errore

368 719 499 761 non
547 713 865 768 corruere,
895 715 1035 757 cum
1071 688 1389 784 disparitas
1422 710 1626 780 pateat
1648 743 1666 769 ,
1686 712 1854 770 tum,
1874 697 2045 789 quod
2082 693 2203 784 hec
2239 717 2351 782 per
2384 710 2482 760 tot

364 808 583 853 manus
618 807 752 852 non
785 784 1089 851 transeant
1110 833 1127 862 ,
1166 801 1301 850 tum
1335 785 1550 874 eoipso
1572 835 1588 862 ,
1625 788 1799 879 quod
1831 788 2183 854 Tabellioni
2216 783 2479 851 scriben-

361 881 440 943 da
474 880 730 955 dentur,
765 901 934 943 error
970 902 1047 945 ex
1081 877 1262 964 hujus
1292 880 1447 945 vitio
1479 878 1656 945 facile
1691 881 1960 968 irrepere
1998 895 2182 971 queat
2202 927 2220 955 ,
2260 881 2320 944 8(
2353 878 2480 944 hoc

360 976 438 1036 eo
473 970 710 1036 firmius
746 969 1031 1050 subsistit,
1068 969 1114 1036 fi
1151 973 1516 1063 ceteroquin
1550 973 1836 1037 voluntas
1868 971 2164 1037 testatoris
2197 988 2432 1061 pateat.

540 1066 854 1132 Notanter
895 1082 1099 1131 autem
1133 1065 1371 1131 dietum
1405 1062 1521 1139 est,
1558 1064 1912 1130 dummodo
1949 1087 2118 1129 error
2154 1065 2312 1129 levis
2344 1086 2479 1128 non

358 1154 459 1220 fit.
505 1159 569 1222 Si
603 1159 774 1223 enim
811 1157 1070 1247 syllaba,
1100 1176 1201 1225 aut
1231 1160 1427 1224 littera
1468 1157 1797 1233 duntaxat,
1836 1179 1968 1248 quae
2003 1157 2217 1220 oculos
2239 1204 2256 1230 ,
2285 1156 2474 1220 etiam

357 1251 668 1338 plurium,
690 1250 866 1316 facile
904 1248 1302 1340 subterfugit,
1339 1249 1663 1326 deficeret,
1696 1249 2085 1338 Rescriptum
2131 1271 2472 1313 mancum„

356 1342 483 1405 dici
520 1366 652 1408 non
688 1343 942 1410 deberet
962 1392 981 1421 ,
1020 1359 1162 1411 text.
1200 1347 1271 1410 in
1309 1344 1345 1410 l.
1376 1347 1485 1433 qui
1521 1342 1744 1410 habeat
1764 1339 1846 1431 ff
1881 1342 1953 1408 de
1986 1337 2352 1425 manumiffi's
2383 1356 2468 1405 te-

330 1432 630 1519 stament.
668 1433 814 1510 ubi,
854 1437 1006 1498 dum
1039 1437 1321 1501 Testator
1341 1483 1358 1509 ,
1391 1432 1860 1501 manumissurus
1884 1437 2143 1501 Servum
2177 1434 2426 1498 unicum
2453 1479 2471 1506 ,

356 1527 611 1592 vocavit
646 1548 789 1590 eum
830 1524 1166 1611 Crasticum
1197 1575 1214 1605 ,
1250 1549 1392 1591 cum
1430 1530 1836 1620 appellaretur
1875 1524 2189 1616 erstinus
2210 1574 2228 1603 ,
2269 1526 2469 1590 decla-

354 1634 487 1682 tur:
526 1618 690 1686 nihil
714 1617 895 1711 obest}
915 1666 933 1693 ,
972 1617 1135 1707 quod
1167 1620 1235 1686 in
1254 1618 1497 1710 syllaba
1530 1618 1816 1710 errasskt.

540 1714 726 1776 Error
757 1713 825 1776 in
859 1711 1120 1775 nomine
1161 1713 1264 1776 vel
1299 1711 1708 1801 pronomine,
1735 1710 2136 1804 Rescriptum
2173 1728 2274 1776 aut
2311 1709 2474 1773 alia-‘2

332 1804 751 1871 instrumenta
781 1827 913 1871 non
944 1804 1152 1879 vitiat,
1185 1802 1231 1869 fi
1260 1806 1339 1869 de
1367 1826 1665 1896 corpore,
1699 1804 1779 1868 de
1811 1829 1940 1896 quo
1975 1804 2222 1869 senserit
2245 1800 2472 1868 Rescri-

352 1896 538 1973 benS,
573 1895 1067 1973 constet,text.'l.
1082 1896 1156 1981 st
1188 1897 1257 1961 in
1285 1898 1533 1962 nomine
1565 1921 1621 1962 n.
1653 1919 1700 1959 1.
1734 1919 1778 1961 c.
1813 1897 1884 1962 de
1905 1895 2025 1982 test.
2058 1894 2163 1961 ubi
2196 1892 2473 1960 decisum

353 1991 689 2078 reperitur:
736 1987 812 2052 Si
843 1991 915 2055 in
945 1990 1226 2065 nomine,
1263 1988 1368 2055 vel
1386 1992 1781 2076 pronomine,
1799 1991 1913 2075 son
1946 1990 2332 2077 cognomine,
2350 1986 2464 2070 fi’u

353 2082 689 2168 agnomine
722 2077 991 2165 Testator
1020 2083 1370 2156 erraverit,
1399 2104 1504 2147 nec
1534 2099 1747 2148 tamen
1765 2130 1782 2156 ,
1818 2082 1888 2147 de
1921 2081 2312 2170 quofi’nsorit
2331 2126 2348 2152 ,
2375 2080 2468 2143 in-

352 2188 587 2239 certum
598 2171 694 2256 stt
709 2208 734 2247 ι,
780 2193 960 2238 error·
1006 2172 1335 2259 hujusmodi
1369 2174 1533 2239 nihil
1561 2170 1738 2259 officit
1775 2177 2083 2249 veritati,
2129 2196 2259 2238 non
2294 2171 2463 2236 enim

351 2279 613 2356 propter
658 2286 894 2329 nomen
922 2315 938 2342 ,
986 2262 1089 2329 sed
1120 2284 1377 2359 propter
1412 2265 1772 2341 Personam,
1812 2267 1871 2331 8(
1905 2268 2223 2357 qualitates
2272 2265 2330 2328 ei
2373 2263 2464 2325 in-

347 2355 630 2423 trinsecas
666 2357 799 2420 dari
829 2356 1214 2446 Rescriptum
1247 2376 1480 2423 certum
1511 2359 1626 2423 est.
1660 2360 1846 2424 Error
1877 2359 2135 2449 quidem
2167 2359 2234 2421 in
2266 2355 2466 2420 nomi-

349 2472 431 2515 ne
454 2446 812 2513 Dioeceseos
831 2448 1216 2542 Rescriptum
1246 2452 1467 2540 Papale
1496 2450 1599 2515 suo
1630 2453 1839 2516 valore
1871 2453 2075 2543 privat
2106 2473 2174 2516 ox
2205 2472 2248 2514 c.
2260 2448 2465 2533 figni-

327 2543 577 2631 ficante
620 2562 722 2621 34.
753 2539 824 2605 de
845 2542 1138 2629 Rostript.
1177 2564 1321 2608 cum
1354 2545 1421 2611 in
1453 2542 1575 2608 hoc
1610 2542 1747 2608 casu
1783 2566 1916 2607 non
1948 2542 2183 2609 constet
2214 2543 2293 2606 de
2331 2562 2466 2604 cor-

347 2657 504 2727 pore
533 2630 836 2709 Personae,
872 2657 950 2699 eo
983 2634 1118 2725 ipso
1140 2683 1158 2711 ,
1193 2636 1366 2726 quod
1400 2638 1605 2724 plures
1640 2638 1867 2701 eodem
1901 2638 2156 2702 nomine
2199 2633 2464 2725 appella-

346 2728 402 2793 ri
450 2726 771 2813 contingat
803 2750 822 2801 3
868 2727 928 2791 8(
974 2727 1124 2792 inde
1153 2777 1170 2803 ,
1217 2752 1298 2795 ne
1345 2726 1693 2818 hujusmodi
1732 2728 2049 2822 Rescripta
2083 2729 2162 2794 ad
2203 2729 2463 2792 incertas

344 2817 637 2885 Personas
674 2816 1024 2896 trahantur,
1063 2822 1328 2889 caducus
1359 2822 1600 2889 illorum
1628 2839 1810 2888 tenor
1838 2821 2251 2912 praesumitur3
2290 2815 2463 2909 quod

344 2934 476 2977 non
517 2912 830 3000 contingit
857 2914 923 2979 in
953 2935 1159 2979 errore
1198 2915 1357 2980 circa
1392 2936 1630 2980 nomen
1664 2915 1938 2980 Personae
1962 2964 1979 2992 ,
2017 2917 2096 2980 de
2128 2913 2294 2997 cujus
2329 2930 2463 2975 cor-

344 3027 498 3093 pore
535 3006 768 3072 constat
792 3055 810 3082 ,
849 3007 909 3072 8(
942 3008 1130 3101 proin
1162 3009 1355 3094 gratia
1393 3005 1540 3075 huic
1578 3005 1857 3072 conceffa
1902 3009 1982 3074 ad
2029 3009 2205 3072 aliam
2251 3001 2459 3069 Perso-

343 3120 485 3163 nam
521 3097 680 3164 trahi
716 3101 969 3191 nequit.
1411 3134 1413 3136 ·

528 3189 758 3257 Rasura'
779 3194 847 3261 in
882 3195 1024 3261 loco
1056 3191 1360 3283 Rescripti
1380 3191 1654 3286 suspeGm
1676 3238 1693 3268 ,
1732 3194 1891 3281 parit
1912 3192 2458 3284 praesumptionem

349 3280 479 3344 (10Ῑὶ
501 3329 517 3355 ,
547 3279 647 3346 stu
681 3283 940 3353 falfitatis
958 3334 976 3366 ,
1022 3287 1294 3378 ideoque
1328 3310 1439 3352 ceu
1469 3285 1737 3382 spurium
1785 3288 1953 3352 reiici
2002 3286 2203 3379 potest
2230 3331 2244 3347 .
2291 3284 2459 3348 Con-

351 3373 612 3438 cordant
647 3375 712 3440 in
745 3376 869 3443 hoc
894 3377 1338 3464 Jurisconsulti,
1370 3381 1431 3446 8(
1451 3396 1621 3476 patet
1653 3400 1722 3445 ex
1749 3401 1793 3445 c.
1813 3382 1951 3447 licet
1980 3400 2031 3460 5.
2059 3378 2265 3466 junffli
2287 3370 2459 3438 Gloss

351 3466 452 3538 sa,
496 3464 558 3530 V.
592 3481 833 3534 tenuem
867 3472 937 3537 de
970 3474 1232 3540 crimine
1260 3472 1453 3558 falsi.
1499 3475 1700 3536 Locus
1739 3491 1941 3539 autem
1979 3470 2280 3560 suspeftus
2317 3488 2458 3530 cen-

351 3553 543 3631 setur,
566 3562 819 3650 quando
856 3566 1212 3631 cancellatio
1236 3565 1337 3634 seu
1370 3565 1549 3633 litura
1581 3563 1736 3630 faeta
1771 3566 1857 3631 est
1894 3568 1994 3630 vel
2026 3566 2092 3629 in
2121 3558 2305 3627 causis
2339 3557 2455 3622 dis-

351 3645 628 3739 positivis
656 3698 674 3728 ,
705 3653 856 3720 Abb.
884 3677 929 3743 c.
960 3680 1029 3723 εκ
1059 3658 1180 3725 litt.
1220 3682 1278 3726 n.
1314 3681 1367 3748 1.
1414 3658 1486 3727 de
1508 3656 1642 3744 fide
1672 3658 2048 3751 instrument.
2095 3656 2195 3722 vel
2237 3654 2305 3806 il}
2338 3672 2457 3733 2³⁴

2309 3765 2366 3805 e-
