2664 4114
994 240 1672 357 'Hydruntinm

519 428 1063 499 NOTA.

371 578 540 616 Umerant
556 573 707 612 Annales
727 571 829 621 hujus
858 569 1051 607 Provincia:
1078 569 1136 607 Fr.
1150 570 1302 607 Laurena

399 629 482 664 tium
502 625 589 661 inter
605 623 712 660 Viros
730 621 873 659 illustres
888 644 900 663 ,
926 631 1074 666 eumque
1092 620 1303 663 Nobilitate,

279 676 419 714 Virtute
430 700 443 720 ,
459 675 493 711 &
509 672 664 711 doetrina
675 671 882 719 praestantem
895 670 1111 714 Religiosum
1132 679 1303 704 commen-

275 724 361 761 dant
374 751 384 761 .
411 722 554 773 Sprevit
569 718 776 766 magnanime
789 745 802 764 ,
819 730 895 766 quae
912 719 1047 754 claritas
1071 718 1170 753 ortus
1192 719 1224 751 ei
1237 727 1301 752 ex-

271 773 385 812 hibuit
405 798 419 820 ,
454 771 631 809 mundanae
657 767 829 804 felicitatis
858 768 980 804 decora
1002 790 1016 810 ‚
1049 770 1082 801 δι
1107 767 1191 803 inter
1220 765 1303 799 Nos

275 823 413 860 virtute
445 823 492 859 iia
521 817 704 860 adolevit,
734 827 772 852 ut
799 817 1020 861 Magistratus
1049 813 1243 851 Provinciae
1269 812 1305 848 ei

274 869 381 908 fuerit
400 872 552 906 collatus
563 891 574 902 .
603 871 691 904 Inter
707 866 846 909 negotia
863 867 1016 902 Fratrum
1033 866 1214 901 sacrarum
1228 860 1302 898 Lit-

272 927 419 957 terarum
448 916 609 956 studium
627 925 700 950 non
716 913 866 959 dimisit,
889 913 925 950 &
948 923 1064 961 praeter
1087 913 1223 958 Scripta
1243 910 1299 946 su-

264 967 400 1015 'perius
429 975 615 1002 memorata
629 988 643 1008 ‚
663 962 804 999 Librum
828 962 964 1006 edidit,
988 962 1208 1010 Aurifodina
1238 971 1302 998 vo·

275 1023 419 1059 catum,
441 1013 571 1062 insigne
594 1012 759 1051 doetrinae
780 1011 846 1050 suae
863 1022 1140 1050 monumentum.

273 1247 348 1295 De
379 1241 529 1292 Libris
564 1241 692 1291 mille
723 1237 774 1291 ὅ(
806 1238 1024 1288 sexcentis
1058 1238 1084 1286 ὲ
1118 1233 1297 1286 Federi-

272 1333 274 1335 ·
333 1330 393 1361 co
420 1312 758 1363 Termularurn
789 1307 1015 1380 Episcopo
1048 1306 1297 1359 Bibliothe-

330 1399 393 1432 cae
431 1380 613 1432 Domi'is
650 1386 699 1432 S.
739 1384 864 1432 Petri
901 1384 946 1429 iri
983 1382 1202 1430 Galatina
1238 1380 1298 1428 le-

324 1455 446 1522 gatis
458 1452 643 1504 inutiles
681 1452 817 1504 vendi
839 1451 1051 1518 Syndico
1085 1452 1298 1500 commit-

326 1523 391 1644 ἷὶίε
418 1559 434 1583 ,
487 1522 753 1575 conditione
797 1522 1056 1574 donationis
1091 1539 1184 1572 non
1217 1521 1297 1571 ob-

368 1607 470 1644 ante
490 1630 505 1645 .

315 1710 359 1754 A
374 1718 518 1771 tergog
548 1713 707 1758 Dua-&⁹0
730 1713 837 1759 Filio
864 1687 1027 1767 ¹syndico
1055 1711 1112 1754 ad
1132 1709 1233 1755 bunc

576 1772 752 1826 ffaeam
781 1773 954 1823 erigona.
968 1797 983 1808 .

255 1887 885 1942 INNOCENTIUS
947 1887 1155 1937 PAPA
1217 1890 1285 1938 X.

340 2004 503 2060 pileHe
528 2004 615 2048 Fm
641 1994 821 2063 filati-m
863 1999 913 2048 ὅ
937 2003 1196 2062 Apostolicam

522 2091 530 2106 „
595 2062 909 2107 Benedtclioncm
923 2090 937 2102 .

397 2183 514 2234 Πρω·
547 2189 622 2232 pro
650 2182 768 2233 parte
802 2175 951 2222 Dileeti
985 2178 1077 2223 Filii
1109 2180 1284 2225 Ministri

419 2235 683 2280 Provincialis
695 2267 711 2287 ‚
742 2236 967 2281 Provinciae
985 2240 1286 2294 Hydruntinae‚

250 2298 447 2340 Fratrum
459 2293 628 2338 Ordinis
645 2296 849 2340 Minorum
870 2299 911 2338 S.
927 2298 1122 2340 Francisci
1145 2304 1284 2354 Capu-

253 2353 441 2396 cinorum
464 2363 785 2408 nuncupatorum
803 2355 933 2398 Nobis
950 2355 1170 2409 expolitum
1194 2357 1285 2408 fuit,

256 2411 367 2468 quod
402 2411 501 2455 alias
531 2412 642 2454 bonae
673 2414 877 2456 memoriae
904 2414 1123 2458 federicus
1139 2438 1165 2468 ,·
1185 2417 1284 2461 dum

253 2471 357 2514 vixit
374 2499 389 2523 ,
414 2472 633 2529 Episcopus
660 2472 942 2516 Termularum
970 2476 1008 2515 in
1023 2472 1093 2517 suo
1110 2475 1285 2529 ultimo,

252 2525 326 2572 sub
349 2527 463 2587 cujus
488 2528 748 2587 dispositione
785 2532 834 2576 ab
866 2532 1047 2575 humanis
1080 2534 1247 2577 deceffit
1264 2564 1282 2586 ,

253 2587 497 2632 testamento
510 2617 525 2641 ,
544 2588 696 2634 eisdem
713 2591 923 2635 Fratribus
938 2594 1156 2648 Capucinis
1170 2597 1282 2636 Con-

249 2645 401 2694 venti‘is
421 2651 463 2696 S.
476 2648 641 2708 Retriin
657 2648 848 2710 Calatina
874 2654 1095 2710 nuncupati
1109 2653 1225 2697 mille
1241 2653 1282 2696 δι

1029 2782 1254 2847 ΝΟ

2163 268 2315 347 133

1362 358 1571 399 sexcentos
1580 358 1719 399 Libros
1734 354 1906 410 legavit,
1915 352 1964 396 eti
1978 363 2112 397 tamen
2129 352 2240 409 lege,
2254 369 2297 395 ut
2313 370 2385 400 nec

1360 414 1486 459 iidem
1516 413 1611 456 dieti
1637 413 1876 458 Conventus
1905 416 2068 457 Fratres
2091 439 2106 461 2
2142 427 2218 455 nec
2242 425 2390 457 eorum

1363 474 1627 530 Superiores,
1646 486 1721 515 nec
1738 474 1814 515 alia
1830 475 1975 531 quaevis
1991 472 2163 516 Persona
2175 501 2189 524 ,
2203 471 2270 513 sub
2286 487 2389 527 quo-

1363 536 1423 576 vis
1449 543 1647 588 praetexiu
1663 561 1676 583 ,
1703 533 1768 574 vel
1795 535 1932 582 causa,
1965 548 2015 576 ne
2037 546 2157 574 unuin
2182 530 2388 586 quidem-2

1362 606 1414 635 ex
1437 593 1551 634 libris
1576 589 1830 646 hujusmodi,
1856 592 1980 635 etiam
2008 594 2215 633 minimum
2243 604 2292 632 ex
2317 605 2388 631 eo-

1362 652 1457 693 dem
1482 654 1707 693 Conventu
1733 653 1952 693 extrahere
1979 650 2149 707 poffint‚
2175 647 2246 691 sub
2270 648 2388 690 amis-

1361 709 1479 752 sionis
1505 706 1596 750 usfis
1611 708 1853 751 eorumdem
1870 710 2083 752 Libros-um
2110 723 2230 765 poena
2249 709 2328 749 &c.

1418 769 1526 809 Cum
1539 777 1706 817 autem,
1733 765 1831 807 licut
1852 767 1997 808 eadem
2014 767 2211 823 expositio
2233 765 2387 822 snbjun-

1363 824 1514 881 gebat,
1538 838 1588 867 ex
1614 825 1747 868 Libris
1774 823 1996 880 hujusmodi
2025 827 2215 881 permulti
2241 826 2295 868 de
2318 826 2386 868 lit-

1362 883 1463 928 teris
1491 885 1643 926 Graecis
1665 911 1680 934 2
1710 882 1764 925 de
1787 882 2105 938 jurisprudentia
2131 886 2385 937 tractantes,

1358 957 1437 988 nec
1461 956 1541 984 non
1566 943 1634 985 alii
1659 951 1800 985 extant
1816 970 1831 994 ,
1855 944 2000 998 quibus
2017 941 2085 997 ipsi
2115 944 2275 986 Fratres
2300 948 2387 988 Ca-

1359 1002 1496 1059 pucini
1513 1015 1729 1058 numquam
1754 1000 1808 1044 ufi
1825 1003 1911 1043 sunt
1926 1029 1941 1052 ,
1963 1015 2036 1044 nec
2064 1011 2237 1045 utentur
2251 1005 2280 1057 ,ζ
2296 1005 2386 1060 qui-

1358 1074 1440 1117 que
1467 1068 1653 1117 tempore
1672 1058 1932 1116 procedente
1955 1059 1977 1101 a
2006 1059 2300 1106 tineis&carie
2326 1062 2387 1104 ni—

1358 1119 1575 1162 hilominus
1607 1117 1895 1160 consumuntur
1920 1147 1933 1160 .
1967 1118 2098 1161 Nobis
2134 1130 2386 1175 propterea-2

1356 1178 1567 1223 humiliter
1594 1177 1804 1234 supplicari
1829 1175 1928 1218 fecit
1953 1176 2068 1219 idem
2083 1178 2267 1221 Minister
2283 1183 2384 1222 Pro·—

1356 1237 1572 1289 vincialis,
1595 1246 1639 1278 ut
1665 1237 1704 1279 in
1733 1235 1929 1292 praemissis
1954 1236 2188 1292 opportune
2209 1263 2224 1284 2
2251 1247 2295 1278 ut
2323 1238 2389 1279 iri-

1355 1294 1420 1340 fra'
1432 1325 1447 1349 ,
1475 1295 1696 1353 providere
1714 1296 1767 1340 de
1787 1295 2045 1353 benignitate
2064 1294 2300 1352 Apostolica
2325 1295 2389 1338 di-

1355 1368 1601 1414 guar-emur.

1418 1418 1506 1458 Nos
1534 1415 1663 1471 igitui-
1689 1412 1870 1458 eundem
1889 1416 2177 1470 Exponentem
2204 1413 2388 1470 speciali·

1358 1476 1433 1517 bus
1451 1476 1531 1516 &c-
1559 1471 1784 1516 absolutum
1800 1470 1889 1517 fore
1909 1472 2151 1522 censentes,
2179 1471 2390 1530 hujusmo-

1357 1534 1398 1576 di
1432 1533 1793 1589 iupplicationibus
1822 1533 2036 1585 inclinati,
2063 1533 2156 1574 Tibi
2184 1545 2258 1588 per
2287 1545 2390 1586 prae-

1353 1591 1495 1634 sentes
1520 1591 1816 1634 committimus
1839 1593 1880 1632 &
1897 1592 2156 1640 mandamus,
2182 1599 2229 1632 ut
2252 1604 2321 1633 eos
2336 1604 2389 1633 ex

1349 1649 1594 1699 Medicinae,
1627 1652 1814 1705 Legum,
1841 1651 1880 1691 δι
1909 1650 1998 1692 aliis
2028 1649 2222 1706 praedietis
2252 1650 2389 1693 Libris

1349 1709 1462 1751 dicto
1489 1709 1752 1762 conventui,
1777 1716 1824 1751 ut
1848 1706 2090 1765 praefertur,
2119 1707 2271 1751 felinis
2287 1710 2388 1766 ‚qui

1348 1782 1431 1810 non
1451 1765 1656 1818 sunt2nec
1682 1779 1804 1812 erunt
1830 1767 1983 1811 eisdem
2010 1767 2218 1811 Fratribus
2245 1770 2389 1822 Capu·

1348 1827 1447 1870 cinis
1474 1825 1713 1876 necessarii,
1746 1826 1951 1884 quibusvis
1970 1826 2157 1871 Personis
2170 1825 2386 1869 meliorem

1347 1885 1628 1929 conditionem
1646 1885 1942 1940 offerentibus,
1967 1887 2225 1928 Auctoritate
2255 1885 2388 1928 nostra

1345 1940 1580 1996 Apostolica
1609 1942 1759 1984 vendas
1774 1971 1789 1995 ‚
1815 1947 1853 1984 ὅ(
1870 1947 2048 1998 pretium
2070 1942 2170 1985 inde
2194 1943 2388 1999 redigen-

1344 2000 1500 2042 durnin
1518 2010 1577 2042 tot
1606 2002 1783 2043 aliorum
1810 2000 2040 2049 librorum,
2073 1999 2255 2057 ejusdem
2286 2002 2386 2045 dicti

1344 2057 1587 2103 Conventus
1628 2060 1840 2103 Fratribus
1886 2058 2106 2115 Capucinis
2148 2058 2387 2107 necessarior

1345 2133 1434 2160 rum
1453 2147 1466 2170 ,
1495 2119 1536 2160 δι
1551 2117 1694 2174 quibus
1715 2118 1772 2161 illi
1791 2117 1980 2174 indigere
1994 2116 2149 2174 poffunt
2163 2146 2177 2170 ,
2206 2120 2386 2175 emptio-

1344 2192 1439 2221 nem
1467 2189 1714 2220 convertaS.
1747 2181 1843 2222 Non
1880 2177 2129 2221 obstantibus
2160 2178 2240 2220 διε.

1407 2240 1556 2279 Datum
1570 2239 1711 2279 Rornae
1738 2236 1842 2294 apud
1872 2239 1915 2280 S.
1937 2239 2104 2281 Petrum
2128 2234 2199 2279 sub
2216 2237 2384 2282 Annulo

1344 2295 1560 2340 Piscatoris
1583 2296 1652 2339 die
1676 2310 1760 2340 xxi
1775 2311 1808 2340 i.
1829 2296 2028 2341 Decemb.
2045 2310 2248 2354 ivincxiv9
2269 2298 2382 2343 Pon-

1344 2352 1523 2413 tificatus
1545 2356 1683 2402 Nostri
1703 2359 1825 2402 Anno
1848 2353 2054 2400 secundo.

1885 2474 1946 2515 Μ.
1959 2473 2010 2517 Α.
2025 2473 2262 2518 Maraldus.

1399 2594 1460 2636 Ex
1488 2591 1660 2634 Archino
1682 2593 1826 2634 secret.
1852 2592 2043 2632 Bavium
2061 2590 2197 2650 Apost.
2218 2592 2376 2652 Regesto

1454 2649 1588 2707 mensis
1609 2653 1711 2707 ‘Jam
1737 2647 1834 2693 anni
1861 2650 1983 2706 1646.
1998 2648 2083 2708 fol.
2099 2663 2142 2700 5.

1344 2781 1593 2847 TA.

250 2925 563 3016 BEnefaGtor'qm
579 2953 591 2971 ‚
612 2928 802 2990 nuclerius*
816 2953 831 2976 ‚
851 2930 977 2988 Lea-or
989 2954 1003 2976 ‚
1027 2930 1146 2990 noscas
1161 2929 1290 2990 ,jllum
1318 2929 1574 2990 Illustriffimum
1597 2930 1634 2968 8<
1657 2929 1990 2990 Reverendiflimurn
2003 2930 2202 2990 Dominum
2229 2931 2374 2991 Pederi3

343 2989 422 3015 cum
445 2977 592 3014 Menum
618 2977 713 3016 fuiffe
734 2991 769 3015 in
794 2991 958 3017 memoria
980 2979 1206 3027 gratitudinis
1239 2990 1314 3017 tene
1339 3005 1349 3016 .
1385 2979 1523 3016 Claruit
1546 2981 1605 3017 ille
1631 2980 1744 3028 primo
1773 2990 1861 3016 inter
1878 2980 1966 3028 Julii
1994 2982 2193 3018 cardinalis
2217 2981 2374 3019 Santoni

253 3027 477 3064 Domesticos
498 3048 513 3070 ‚
541 3025 696 3064 doarina
727 3028 764 3065 &
797 3029 955 3066 bonitate
985 3029 1066 3066 vitae
1093 3029 1251 3076 praestaiis
1271 3053 1281 3064 .
1321 3028 1461 3066 PlurIes
1490 3029 1748 3066 commendatur
1773 3030 1794 3064 ἐι
1820 3029 1968 3066 Batonio
1991 3053 2005 3074 ‚
2041 3029 2210 3077 praecipue
2243 3029 2287 3066 ad
2310 3040 2373 3066 an⁴

251 3086 335 3112 num
362 3074 461 3112 1116.
484 3086 578 3111 num.
594 3084 628 3123 7.
654 3076 689 3113 8<
713 3077 756 3114 ad
778 3089 905 3115 annum
929 3077 1027 3124 1178.
1048 3089 1145 3116 num.
1165 3089 1217 3125 ις.
1242 3078 1392 3126 huicque
1417 3078 1580 3126 interpres
1604 3077 1735 3122 adfuit,
1758 3078 1794 3115 ἃ
1820 3077 1868 3114 ad
1891 3078 2050 3116 Latinam
2078 3078 2228 3123 linguam
2256 3078 2373 3116 tradu-

253 3122 328 3165 xit,
352 3134 428 3170 quae
450 3123 573 3162 Graece
598 3125 746 3163 Bai-onio
769 3127 999 3165 occurrebant
1014 3155 1025 3165 .
1051 3128 1268 3165 Memoratur
1296 3127 1333 3163 &
1352 3128 1375 3164 a
1393 3127 1510 3164 Vossio
1533 3127 1578 3165 de
1603 3126 1789 3167 HistoriciS
1808 3125 1943 3165 Latinis
1962 3150 1976 3164 .
2000 3126 2085 3165 Fui:
2106 3126 2152 3164 ad
2183 3126 2371 3178 Episcopa-

255 3179 330 3211 ωσι
345 3173 583 3216 Terruulerum
609 3183 792 3224 promotus
811 3188 900 3221 antio
927 3176 1030 3219 1602.
1051 3176 1088 3215 δε
1111 3175 1190 3215 fato
1215 3173 1356 3218 sunaus
1380 3186 1471 3217 anno
1498 3176 1602 3215 1612.

2116 3891 2327 3932 >Amo-
