2618 4108
373 226 554 331 246
1009 238 1017 244 ’
1126 217 1589 310 Cuiiod'ia

1147 387 1198 459 J.
1269 389 1335 436 N.
1407 391 1470 436 R.
1530 386 1582 454 J.

1138 503 1377 571 Beatiffi'me
1410 505 1554 556 ‘Pater
1571 539 1585 557 .

412 623 613 663 Benedii'ius
627 623 673 675 sit
684 621 780 662 Deus
793 645 807 667 ,
831 619 923 671 §uod
941 621 986 660 ad
997 621 1202 662 Sanfiitatis
1220 621 1343 672 Vestra
1362 623 1462 674 pedes
1476 636 1550 661 cum
1564 621 1637 661 laeto
1660 622 1782 661 nuntio
1796 622 1881 660 mihi
1899 622 2088 671 comparere
2101 622 2203 661 detur
2217 645 2228 659 .
2254 619 2330 671 1²0st
2353 619 2425 667 lorii¹

314 675 395 725 gius
420 674 440 711 ὰ
457 673 529 723 fine
545 671 691 724 Augusti
702 669 844 711 Vienna
864 684 938 715 cum
948 670 1122 722 Ministris
1135 672 1207 721 fine
1219 673 1287 715 ullo
1300 673 1420 722 frufiu
1442 672 1651 721 protrafiium
1665 682 1835 709 certamen
1849 697 1862 717 ‚
1887 672 2023 709 tandem
2041 671 2275 721 Imperatorem
2285 670 2425 719 persuan'

313 727 395 762 dere
421 733 560 760 conatus
570 723 673 771 sum,
698 731 738 760 ut
760 722 929 770 negotium
948 719 1152 758 Elefloratus
1165 720 1322 760 Palatini
1350 721 1583 770 transferendi
1598 732 1664 756 non
1685 720 1827 769 amplius
1851 722 1897 758 ad
1911 720 2074 758 Aulicum
2096 719 2273 770 Confilium
2287 741 2301 762 ,
2325 717 2345 755 ἃ
2360 730 2427 766 quo

315 771 470 820 conclufio
476 771 615 821 sperari
636 763 812 856 nonipoffet
826 793 840 813 ‚
863 771 1038 807 remittere
1052 793 1066 813 ‚
1082 769 1147 817 sed
1155 780 1308 814 econtra,
1319 781 1361 809 ut
1376 772 1451 809 Sua
1465 767 1654 819 majestas
1663 781 1738 806 cum
1758 769 1893 806 Rarone
1917 769 1952 805 d’
1966 768 2170 817 Echcmberg
2184 793 2198 812 ‚
2216 764 2429 818 Confeffario

306 823 371 871 suo
383 821 424 863 ὠ·
440 832 487 857 me
507 820 678 870 privatim
714 819 856 868 isc-utere
870 844 880 860 ‚
908 818 951 861 dr
970 817 1149 867 efficaciter
1161 818 1200 854 id
1211 818 1376 867 resolvere
1395 819 1601 867 dignaretur
1615 841 1628 862 ,
1653 818 1742 866 quod
1762 828 1803 854 ex
1827 818 2029 866 conscientia
2045 821 2088 853 &-
2107 827 2169 866 pro
2195 818 2276 854 bono
2286 814 2425 864 publica

307 870 393 918 fieri
403 894 417 914 ,
440 880 572 917 aquam
591 866 804 916 censeretur.
829 866 970 905 Placuit
986 867 1068 903 ‘Deo
1085 879 1124 913 ac
1139 867 1331 917 Beatiffimae
1346 866 1517 916 Virgini,
1540 866 1638 915 cujus
1659 865 1858 914 protefflioni
1879 867 2138 914 negotiationem
2155 867 2250 913 tanti
2263 864 2426 900 momenti

307 920 443 969 fimper'
453 917 652 955 comendavi
666 940 680 961 ‚
708 915 927 964 Imperatori,
955 924 995 952 ut
1007 916 1255 965 proposttionem
1268 925 1459 966 acceptaret
1470 939 1483 959 ,
1507 914 1677 963 inspirare
1694 938 1703 953 ,
1719 914 1762 955 ὼ·
1777 915 1830 950 ita
1845 913 1957 951 Nobis
1976 915 2021 950 ad
2042 925 2112 952 tres
2127 913 2271 951 redueiis
2296 914 2315 960 (
2331 912 2426 950 Con-

305 965 483 1019 feffarium
502 966 594 1002 enim
619 962 835 1015 neceffarium
859 963 918 1016 effe
939 975 1006 1000 non
1016 963 1219 1012 judicavit)
1246 964 1468 1003 Elefioratum
1488 963 1533 1000 ad
1552 964 1631 1000 Ser.
1648 962 1776 999 Ducena
1790 961 1958 998 ‘Bavariae
1982 963 2173 1012 transferre
2178 962 2305 1012 statuit
2319 984 2334 1004 ‚
2349 960 2422 1010 sub

315 1013 491 1053 nonnullis
507 1024 618 1051 tamen
635 1013 900 1057 conditionibus,
911 1024 995 1061 quas
1004 1013 1177 1051 Sanflitas
1186 1010 1226 1051 V
1220 1014 1303 1064 esira
1316 1015 1355 1049 in
1368 1012 1522 1062 adjunfio
1535 1010 1663 1050 Libello
1672 1011 1821 1060 supplici
1833 1009 1966 1047 videbit
1978 1034 1989 1054 ‚
2015 1011 2057 1052 ὁ·
2072 1023 2144 1060 quae
2158 1013 2329 1058 negotium
2343 1010 2423 1058 qui-

311 1065 387 1102 dem
406 1075 472 1100 non
483 1062 632 1100 reddunt
644 1060 755 1098 adhuc
764 1061 1050 1110 perfeFlumApero
1067 1062 1231 1099 tamenin
1245 1061 1505 1110 ‘Domino‚quod
1515 1062 1612 1097 intra
1619 1069 1741 1108 paucos
1753 1059 1823 1095 dies
1838 1058 1979 1095 maxime
1993 1071 2068 1096 cum
2082 1061 2110 1096 S
2113 1058 2289 1095 anffiitatis
2305 1055 2422 1107 Vestrg

309 1113 458 1164 praefidio
474 1137 486 1156 ‚
502 1112 571 1161 fint
582 1108 826 1160 purificanda:
851 1109 942 1147 unde
952 1108 1057 1147 libere
1063 1109 1184 1158 frufiiu
1191 1109 1307 1158 felicis
1320 1111 1422 1160 hujus
1433 1110 1636 1158 operationis
1644 1107 1798 1157 gaudere
1809 1108 1994 1156 poterimus
2012 1131 2023 1144 .
2049 1106 2200 1159 &Wiffus
2214 1106 2292 1155 sum
2305 1116 2340 1142 co
2347 1106 2422 1154 nse-

314 1170 457 1210 quenter
472 1161 508 1196 in
520 1159 716 1196 ‘Bovarium
738 1171 812 1196 cum
825 1157 954 1208 epistola
966 1185 977 1201 ,
998 1158 1145 1208 propria
1155 1158 1372 1207 Imperatoris
1386 1171 1488 1196 manu
1513 1158 1558 1194 ad
1573 1157 1714 1195 Ducem
1733 1158 1878 1194 exarata
1894 1183 1903 1199 ,
1928 1158 1967 1192 in
1991 1168 2058 1204 qna
2076 1157 2260 1206 Imperator
2277 1153 2418 1203 expres-

306 1211 351 1260 Jit
367 1234 378 1252 ‚
406 1209 515 1257 quod,
533 1209 563 1258 fi
581 1208 663 1245 Dux
679 1207 917 1257 investituram
940 1218 1015 1244 cum
1036 1207 1292 1244 conditionibus
1313 1208 1359 1244 ad
1394 1215 1522 1256 tempus
1550 1215 1723 1255 acceptare
1747 1203 1871 1249 vellet,
1895 1205 2033 1242 celerem
2057 1207 2221 1242 nuncium
2238 1201 2410 1242 Viennam

313 1261 449 1296 mittere
472 1257 630 1301 deberet,
657 1253 700 1295 (θ’
724 1255 929 1306 investitura
951 1256 1042 1291 illico
1064 1256 1159 1304 foret
1173 1256 1340 1293 mittenda
1355 1281 1367 1293 .
1394 1256 1490 1293 ‘Dux
1508 1253 1602 1291 illam
1625 1255 1842 1302 acceptavit,
1869 1253 2033 1303 hodieque
2054 1251 2121 1292 Vir
2140 1251 2262 1290 nobilis
2275 1250 2409 1301 secreto

314 1304 486 1345 Viennam
499 1305 588 1341 abiit
600 1328 612 1347 ‚
641 1303 702 1349 qui
720 1305 830 1340 redux
850 1316 921 1340 eam
936 1304 1020 1341 mihi
1030 1303 1235 1352 confignabit
1245 1327 1258 1348 ‚
1282 1305 1325 1345 &¹
1336 1316 1393 1353 ego
1410 1305 1449 1339 in
1464 1305 1596 1340 nomine
1612 1303 1753 1340 Domini
1769 1326 1781 1347 ‚
1806 1303 1849 1344 ὠ·
1862 1302 2015 1339 Dominae
2029 1314 2070 1338 no
2098 1315 2142 1340 rae
2156 1301 2321 1340 Clementi
2345 1310 2416 1336 imae

314 1355 443 1394 Maria
459 1351 552 1389 illam
561 1353 634 1401 snae
649 1349 847 1402 Celsitudini
858 1353 993 1388 tradam
1006 1377 1017 1387 .
1042 1351 1148 1401 Qd
1169 1362 1281 1389 autem
1293 1351 1346 1388 his
1357 1352 1580 1400 Principibus
1593 1352 1631 1387 in
1651 1352 1759 1400 operis
1778 1350 2046 1400 complimentum
2094 1351 2299 1390 Suniiitate
2335 1347 2424 1398 'estro

308 1402 391 1453 fieri
403 1402 537 1450 petitur
549 1428 557 1443 ‚
583 1401 621 1435 in
638 1398 794 1445 praedicio
811 1402 957 1449 reperiet
968 1400 1117 1438 Libello.
1146 1399 1303 1445 Interim,
1317 1410 1358 1437 ut
1369 1400 1486 1437 Sanfl.
1497 1398 1612 1450 Vestra
1627 1424 1640 1443 ,
1666 1399 1903 1447 Imperatorem
1924 1399 1966 1441 ὼ·
1978 1399 2144 1436 Baronem
2167 1399 2201 1435 d'
2217 1399 2397 1435 Echember

314 1451 356 1488 de
381 1459 480 1497 caepto
502 1447 629 1497 consilio
652 1444 796 1485 laudare
809 1474 823 1493 ‚
843 1448 952 1497 iisque
962 1457 1082 1497 grates
1095 1448 1279 1496 rependere
1292 1448 1376 1485 mihi
1397 1448 1586 1498 injungat,
1611 1448 1754 1496 dignum
1780 1447 1946 1489 videtum
1973 1447 2103 1497 epistola
2117 1457 2228 1484 autem
2242 1447 2342 1484 debet
2354 1406 2424 1497 eff}

318 1499 363 1535 ab
376 1500 445 1547 ipsa
455 1499 504 1535 Sa
510 1497 646 1538 niiitate
662 1497 782 1548 Vestra
794 1506 939 1544 tempore
949 1497 1186 1547 opportuniore
1190 1497 1509 1546 scripta,quatenus
1521 1495 1676 1533 exhiberi
1688 1495 1868 1543 queattfub
1882 1496 1944 1532 hac
1959 1497 2048 1532 enim
2066 1496 2257 1533 conditione·
2269 1503 2418 1543 uterque

313 1547 516 1594 Principum
527 1546 585 1583 hoe
597 1546 785 1584 Sanffiitati
801 1544 922 1596 Vestra
936 1545 957 1583 ὰ
969 1557 1020 1583 me
1026 1544 1201 1631 ‘perscribi
1213 1546 1416 1595 concessere,
1425 1554 1592 1594 quatenus
1604 1544 1674 1594 ipsa
1681 1541 1753 1589 sola
1762 1544 1901 1594 desuper
1913 1544 2036 1582 habeat
2047 1546 2205 1582 notitiam
2217 1568 2232 1587 ‚
2260 1543 2415 1592 illudque

313 1595 362 1632 ad
374 1604 502 1643 tempus
519 1595 763 1643 publicationis
780 1604 895 1632 teneat
916 1595 955 1630 in
969 1606 1024 1631 cor
1049 1607 1066 1631 e
1080 1595 1146 1643 suo
1155 1594 1324 1639 secretum
1342 1621 1352 1632 .
2241 1603 2243 1607 ⁴

413 1643 554 1681 Seruius
564 1644 672 1689 Dux,
686 1656 732 1681 an
743 1645 782 1679 in
790 1642 1018 1692 responsoriis,
1027 1642 1216 1692 pro'officiis
1230 1644 1322 1692 apud
1333 1644 1565 1694 Imperatorem
1577 1642 1622 1679 ad
1636 1641 1895 1694 suumfavorem
1910 1644 2079 1695 praestitis,
2089 1641 2276 1680 Saniiitati
2290 1639 2414 1691 Vestrae

314 1701 432 1741 grates
443 1703 542 1739 agere
560 1692 695 1730 deberet
707 1718 717 1734 ,
730 1691 855 1730 dubius
865 1690 950 1740 haesit
962 1715 974 1735 ,
999 1701 1040 1729 ex
1053 1693 1179 1728 motivo
1191 1693 1303 1740 ,'quod
1315 1691 1336 1728 ὰ
1348 1695 1375 1730 S
1377 1693 1538 1731 aniiitate
1549 1690 1665 1742 Vestra
1677 1691 1804 1740 Caesari
1821 1692 1862 1727 de
1876 1690 2063 1730 Eleffioratu
2083 1692 2122 1726 in
2135 1690 2330 1738 Principem
2345 1689 2416 1726 Ga-

319 1741 480 1780 tbolicum
501 1741 739 1789 transferendo
758 1739 970 1788 generaliter
980 1739 1149 1786 scriptum
1173 1740 1232 1792 effe
1255 1740 1435 1793 audiwffet
1454 1767 1468 1786 ,
1491 1743 1576 1790 quin
1588 1738 1745 1790 specifica
1760 1739 1833 1788 suae
1852 1738 2004 1791 Persona
2019 1739 2111 1789 Γαδία
2124 1739 2240 1788 fuerit
2265 1737 2415 1774 mentio:

317 1791 377 1827 cui
391 1798 502 1827 autem
523 1789 675 1838 reposui,
697 1789 786 1838 quod
793 1811 806 1829 ,
829 1786 907 1823 licet
931 1787 1079 1837 exjustis
1102 1790 1241 1826 motivis
1260 1789 1427 1838 instantiae
1443 1790 1541 1839 fafiiae
1553 1790 1694 1837 fuerint
1701 1788 1939 1837 generaliter,
1963 1789 2182 1827 nihilominus
2195 1785 2422 1835 particularis

315 1838 400 1875 mihi
419 1837 501 1875 data
514 1837 630 1884 fuerit
651 1836 816 1886 commiffio
828 1835 923 1882 ipsius
945 1845 1025 1873 ante
1051 1847 1160 1872 omnes
1182 1837 1266 1874 alios
1284 1837 1514 1887 praelationem
1524 1837 1686 1889 efficiendi
1699 1864 1708 1875 .
1733 1836 1921 1889 Eapropter
1944 1838 2130 1877 Sanfiitati
2142 1834 2264 1895 Vestra
2283 1834 2323 1883 se
2341 1832 2426 1883 plu·

313 1887 437 1923 rimam
451 1884 633 1932 obligatum
639 1887 776 1935 fatetur
787 1909 798 1920 .
825 1884 955 1922 Credat
965 1885 992 1921 S
994 1884 1138 1922 anilitas
1153 1883 1269 1937 Vestra
1278 1909 1291 1928 ‚
1314 1888 1404 1935 quod
1415 1900 1455 1925 ex
1460 1887 1610 1936 fillicita
1622 1898 1720 1930 cura,
1753 1899 1830 1922 uam
1840 1896 1901 1936 pro
1914 1889 2015 1925 rebus
2031 1887 2223 1924 Germamae
2234 1893 2295 1934 per
2309 1882 2426 1932 parti-

317 1935 466 1972 cularem
492 1933 578 1969 hanc
604 1936 817 1983 Legationem
842 1931 1063 1983 monstravit,
1088 1937 1234 1971 omnium
1250 1935 1315 1984 fibi
1339 1937 1578 1974 conciliaverit
1604 1898 1873 1972 benevoIentiam
1886 1936 1907 1972 .’
1927 1936 1972 1974 Et
1993 1933 2082 1973 cert?
2099 1958 2109 1975 ⁸
2131 1933 2164 1983 fi
2184 1933 2354 1981 negotium
2372 1928 2419 1967 aa

306 1984 427 2034 Juam,
440 1982 494 2019 uti
506 1981 606 2030 spero
615 2005 627 2024 ‚
650 1983 835 2020 reducatur
847 1981 1090 2029 perfeffionem,
1104 1983 1277 2021 Sanctitas
1291 1982 1406 2035 Vestra
1420 1987 1458 2022 in
1472 1987 1615 2023 Domino
1624 1981 1773 2031 gloriari
1807 1985 1910 2020 eterit
1921 2009 1933 2028 ‚
1955 1991 2099 2032 tempore
2104 1984 2164 2032 sui
2181 1979 2419 2028 ‘Pontificattis

316 2031 508 2069 Romanum
525 2031 700 2080 Imperium
718 2032 756 2067 in
773 2029 960 2068 Catholicis
977 2028 1168 2080 stabilitum
1180 2056 1193 2076 ‚
1213 2045 1252 2070 ac
1273 2033 1367 2070 inter
1379 2035 1621 2082 negotiationes
1641 2043 1746 2067 unam
1778 2031 1930 2084 ucceffiffe
1943 2057 1956 2077 ‚
1978 2044 2050 2081 quae
2069 2033 2162 2069 inter
2177 2028 2264 2066 alias
2283 2038 2420 2065 retroa-

313 2080 358 2116 tii
378 2079 532 2126 temporis
545 2079 589 2130 esi
601 2080 738 2117 maximi
749 2077 906 2127 ponderis
922 2092 961 2116 ac
977 2079 1162 2127 dignitatis
1177 2107 1188 2118 .
1210 2082 1388 2119 Secretum
1407 2082 1596 2120 Sanfiitati
1613 2077 1733 2130 Vestra
1744 2081 1880 2118 noviter
1893 2081 2097 2120 commendo.
2125 2090 2201 2122 cum
2224 2077 2418 2123 Principes

316 2126 463 2177 impense
475 2126 556 2163 mihi
575 2129 612 2164 id
620 2139 622 2141 ’
639 2127 915 2170 inculcaverint‚
923 2129 1019 2177 stque
1031 2129 1116 2176 quid
1127 2130 1208 2166 boni
1212 2129 1340 2178 fartum
1343 2130 1388 2179 fit
1400 2148 1413 2174 ,·
1429 2130 1495 2179 soli
1504 2132 1574 2168 Deo
1589 2129 1693 2165 honor
1702 2127 1865 2175 &gloria
1881 2155 1889 2171 .
1914 2131 1974 2179 qui
1990 2129 2037 2179 ,fi
2048 2140 2143 2164 arma
2156 2126 2271 2165 Seriiii
2290 2124 2416 2161 ‘Ducis

321 2186 443 2217 contra
464 2175 638 2226 Mansfeld
656 2176 779 2213 reddat
802 2175 998 2226 vifioriosa,
1021 2175 1127 2214 locum
1149 2177 1343 2215 habebimus
1360 2178 1550 2227 sperandi,
1577 2179 1620 2220 ὼ·
1640 2175 1779 2219 melius,
1802 2176 1902 2225 quam
1923 2189 2012 2214 anno
2022 2177 2196 2227 praeterito
2206 2171 2388 2223 faeiumfit
2401 2196 2413 2215 .

322 2223 510 2277 operandi,
529 2235 576 2264 ut.
587 2226 701 2275 occasio
716 2223 982 2271 Reformationis
993 2225 1036 2266 ὠ·
1047 2224 1191 2263 aliorum
1212 2227 1372 2263 bonorum
1401 2229 1439 2263 in
1452 2228 1506 2264 his
1514 2227 1674 2276 partibus
1697 2235 1765 2260 non
1782 2225 1978 2274 negligatur
1990 2251 2001 2262 .
2404 2230 2415 2241 ²

412 2270 555 2322 osculor
567 2272 772 2315 sanctitatis
791 2269 913 2330 Vestra
932 2274 1035 2325 pedes
1049 2296 1061 2317 ,
1085 2274 1127 2318 &¹
1142 2287 1217 2313 cum
1232 2276 1321 2324 omni
1344 2273 1460 2327 affeiiu
1474 2278 1518 2329 φ·
1531 2275 1725 2315 humilitate
1737 2272 1875 2325 sacram
1886 2276 1930 2313 ab
1948 2274 1996 2313 Eo
2019 2272 2276 2315 benedifiionem
2291 2280 2389 2310 exoro
2402 2294 2416 2308 .

600 2380 849 2448 Sanfiitatis
893 2361 1079 2438 Vefirae'.

1125 2506 1378 2566 straubingae
1412 2523 1475 2552 12.
1507 2509 1746 2572 ,septembri-ss
1768 2510 1893 2554 1621.

1245 2639 1498 2684 Humillimus
1512 2669 1528 2690 ,
1555 2637 1877 2696 obedienttfflmus
1901 2639 2029 2683 Filius
2042 2665 2057 2689 ,
2082 2637 2130 2686 ὸ·
2157 2640 2297 2680 Servus

1455 2700 1529 2743 Fr.
1545 2698 1784 2752 Hyacinthus
1799 2725 1814 2748 ‚
1843 2697 1962 2757 mtstr
1981 2708 2173 2780 peccator.

313 2841 371 2883 ms
395 2791 727 2895 ἒῐιίῖξὲῗιέᾖεέἑιδῖςὴις
746 2799 896 2837 Romam
918 2801 1073 2849 portavit
1097 2803 1256 2851 litteras,
1284 2805 1450 2851 Nuntio,
1476 2804 1570 2845 dedit
1590 2805 1806 2859 Hyacinthus
1829 2817 1894 2856 pro
1916 2805 2093 2844 Cardinali
2121 2781 2310 2843 secretario
2337 2801 2418 2841 Sm-

858 2948 1132 3019 Illustriffime
1166 2971 1214 3002 ac
1248 2953 1608 3025 Reverendiffi'me
1643 2955 1820 3007 Domine
1837 2991 1850 3005 .

412 3059 656 3122 Praepedf‘tum
678 3077 728 3104 me
749 3066 834 3104 malo
846 3067 991 3107 dextera
1009 3076 1137 3117 oportet
1150 3094 1164 3114 ,
1187 3082 1229 3110 ut
1246 3073 1310 3111 hac
1333 3073 1446 3110 aliena
1468 3081 1550 3110 utar
1562 3095 1573 3107 .
1601 3071 1891 3123 Qmaduiodum
1908 3070 1980 3120 jam
2004 3070 2086 3106 bina
2107 3071 2182 3106 vice
2200 3066 2419 3117 Illuflriffima

319 3109 572 3170 ‘D0mmatfvnf
594 3110 633 3151 V
627 3113 715 3164 qstrae
738 3115 932 3166 significavi
945 3142 958 3161 ,
982 3117 1086 3154 debui
1105 3118 1273 3166 discedere
1296 3119 1463 3165 Vienna,
1490 3121 1552 3167 ubi
1573 3122 1743 3167 negotium
1758 3119 1950 3167 principale
1965 3129 2006 3155 ex
2022 3127 2122 3166 parte
2145 3119 2192 3155 Im
2215 3119 2360 3154 cratoris
2377 3118 2418 3152 in

309 3157 419 3205 fausto
443 3158 569 3208 reliqui
583 3161 678 3212 statu
690 3187 703 3207 ,
727 3164 769 3205 &¹
785 3164 982 3204 fBavariam
1005 3178 1056 3203 me
1075 3167 1228 3215 confierre
1240 3192 1253 3212 ,
1277 3179 1318 3207 ut
1331 3170 1373 3211 &
1389 3180 1431 3206 ex
1450 3169 1514 3205 hac
1530 3176 1630 3216 parte
1650 3167 1814 3204 nonnulla
1835 3166 1851 3203 ἒ
1874 3168 1979 3204 medio
1994 3166 2107 3204 tollam
2132 3167 2171 3203 ob
2197 3164 2319 3202 acula.
2334 3162 2417 3203 Vix

313 3203 368 3239 MC
391 3206 516 3241 adveni
529 3233 542 3252 ³
569 3212 682 3259 reperi
695 3212 824 3249 Ducem
838 3214 885 3252 ad
896 3211 1067 3265 disceffum
1087 3226 1162 3254 cum
1173 3216 1238 3263 suo
1259 3219 1414 3255 exercitu
1433 3217 1506 3266 jam
1552 3225 1713 3253 aratum.
1739 3215 1785 3254 Et
1809 3217 2031 3264 quantumvis
2052 3227 2126 3252 cum
2142 3211 2291 3265 succeffu
2313 3220 2423 3262 nego-‘

315 3252 608 3346 52⁰2¹afiff¹fs⁶²perfm
623 3282 637 3304 2
659 3259 880 3301 nihilominus
899 3262 945 3300 ad
962 3263 1134 3311 negotium
1152 3264 1199 3303 ad
1212 3264 1451 3314 perfeiiionem
1473 3276 1510 3302 re
1534 3264 1700 3305 ucendum
1712 3289 1728 3310 ‚
1753 3264 1882 3302 Ducem
1893 3265 1994 3314 sequi
2016 3264 2117 3301 debeo
2142 3288 2155 3310 ,
2179 3265 2222 3306 ὠ·
2239 3273 2312 3299 ecce
2334 3274 2415 3300 mc,-

414 3345 483 3382 Res
498 3352 593 3405 ‘vere
614 3357 704 3392 mir‘a
716 3355 759 3406 est
771 3358 888 3396 videre
907 3359 976 3397 Dei
995 3359 1127 3410 consilia
1139 3384 1152 3405 ,
1179 3374 1254 3399 cum
1266 3387 1279 3406 ‚
1302 3360 1470 3412 postquam
1483 3361 1540 3398 hic
1559 3361 1726 3411 Princeps
1744 3375 1795 3400 me
1810 3353 2033 3413 expeditionis
2053 3360 2239 3411 ‘Progensts
2263 3359 2414 3396 comitem

320 3392 523 3474 d‘ssssrav't
538 3423 550 3441 >
575 3401 617 3441 ἐν
633 3404 700 3453 post
723 3404 845 3443 multas
860 3406 968 3446 Paulo
985 3405 1030 3445 V.
1046 3408 1156 3456 safias
1176 3411 1356 3460 instantias
1375 3410 1415 3447 id
1433 3411 1585 3448 obtinere
1601 3422 1669 3447 non
1689 3412 1808 3458 potuit
1821 3436 1834 3455 ‚
1859 3412 1931 3461 jam
1958 3421 2048 3447 meus
2074 3407 2210 3446 Vienna
2235 3405 2387 3459 discessus
2401 3432 2415 3451 ‚

317 3441 362 3482 ὰ
395 3489 402 3496 ι
424 3452 441 3475 c
462 3443 630 3485 adventus
646 3463 706 3496 eo,
730 3464 795 3501 quo
817 3455 930 3494 minus
955 3456 1157 3494 credebatur
1170 3483 1183 3502 ,
1208 3459 1376 3496 acciderit
1395 3467 1563 3507 tempore,
1589 3470 1653 3508 quo
1669 3470 1723 3495 -me
1734 3460 1828 3497 Duci
1855 3459 1984 3509 adstare
2009 3455 2127 3507 neceffe
2143 3456 2187 3506 est
2200 3481 2210 3491 .
2238 3455 2314 3492 Hoc
2338 3457 2413 3492 ideo

312 3486 482 3570 fignfficsp
500 3503 585 3544 *cum
603 3499 793 3554 gaudium,
807 3514 871 3550 quo
894 3504 976 3544 inde
993 3505 1078 3551 Dux
1097 3503 1248 3558 repletur
1262 3533 1272 3550 ,
1296 3508 1339 3548 ὠ·
1357 3518 1415 3555 ego
1430 3519 1504 3546 cum
1525 3505 1583 3548 illo
1594 3531 1608 3551 ,
1633 3509 1685 3550 ita
1707 3507 1747 3546 in
1770 3518 1915 3557 utroque
1937 3505 2087 3547 abundet
2104 3529 2112 3544 ,
2139 3514 2179 3542 ut
2193 3503 2237 3552 sit
2258 3517 2311 3540 res
2332 3503 2414 3540 veri

319 3538 516 3619 P⁷⁰728¹2Jj
531 3564 539 3573 .
567 3538 661 3581 Velit
672 3546 766 3583 Deus
780 3550 889 3635 nssllra
897 3553 1089 3600 secundare
1103 3563 1184 3590 vota
1197 3555 1239 3597 (θ’
1254 3555 1466 3639 nefftates,
1480 3567 1555 3593 cum
1575 3552 1741 3604 expeditio
1757 3555 1859 3604 hujus
1874 3555 2031 3603 temporis
2041 3553 2087 3602 fit
2104 3550 2194 3599 aque
2209 3551 2388 3602 neceffaria
2402 3577 2417 3596 ,

319 3595 359 3619 ’Β
374 3595 396 3641 f
427 3596 451 3667 ‘¹'
504 3597 614 3652 '‘fgaei
639 3593 681 3634 ὀ*
695 3594 784 3641 ficut
832 3610 919 3655 ‘rota
939 3600 1040 3650 hujus
1063 3602 1198 3638 inimici
1208 3611 1279 3650 pax
1331 3604 1730 3652 ungariae,confirvatio
1749 3603 2027 3640 Provinciarum
2053 3600 2315 3650 Austriacarum
2333 3626 2344 3643 ‚
2371 3601 2414 3642 (ς’

320 3643 417 3697 quse?
450 3640 568 3681 mpem
588 3637 799 3695 dependent,
826 3655 876 3703 {tp
900 3649 942 3689 ὼ·
960 3659 1098 3687 econtra
1120 3648 1178 3687 illo
1199 3661 1321 3688 contra
1341 3663 1398 3687 nos
1416 3651 1625 3700 praevalente
1649 3650 1768 3698 (quod
1790 3651 1885 3689 Deus
1899 3649 2069 3695 avertat)
2093 3649 2205 3685 eadem
2226 3650 2413 3687 timenda.»

312 3686 432 3762 1*οΥΗὲ
449 3681 530 3728 fata
544 3707 555 3725 ι
581 3684 623 3725 &⁴
635 3698 742 3745 magor
756 3713 768 3731 ‚
794 3703 893 3739 quam
906 3707 1057 3743 unquam
1070 3721 1082 3742 ‚
1106 3699 1213 3734 ruina
1227 3721 1240 3743 ,
1259 3699 1307 3735 de‘
1321 3710 1388 3747 quo
1405 3699 1535 3737 clarum
1552 3699 1625 3747 jam
1640 3699 1794 3747 praebent
1812 3698 1980 3734 indicium
1995 3697 2134 3733 Bohemi
2150 3721 2162 3740 ‚
2185 3699 2246 3744 qui
2268 3699 2310 3736 de
2320 3697 2412 3747 saffo

315 3728 404 3775 qums
428 3739 480 3764 ‘¹7⁷¹
498 3729 713 3792 ''wer-aforis
733 3735 952 3794 Fortalitium
980 3747 1217 3794 occupdrunt3
1242 3756 1416 3795 totumque
1433 3747 1491 3783 hoc
1511 3757 1679 3794 regnum,
1695 3746 1728 3794 fi
1746 3746 1840 3783 Deus
1862 3747 1953 3782 nova
1975 3744 2120 3781 vifiorid
2145 3757 2203 3780 nos
2222 3759 2289 3782 non
2309 3747 2411 3795 adju-

315 3785 374 3813 vet
386 3798 399 3822 2
423 3787 515 3814 '¹⁰²'ae
530 3779 713 3830 Jed'fm'm
720 3784 1036 3840 subjacetpericnlo
1050 3820 1062 3844 .-
1090 3793 1222 3845 Bellum
1239 3796 1278 3832 ob
1290 3795 1558 3847 circumstantias
1572 3796 1729 3844 temporis
1743 3793 1838 3833 ultra
1852 3794 1934 3832 duos
1954 3793 2078 3842 menses
2090 3795 2252 3843 protrahi
2266 3797 2410 3843 nequit,

2282 3853 2368 3881 ,nte-
