2664 4114
422 190 531 272 16
1166 173 1683 271 Provincia

352 303 444 344 triti
479 300 766 345 sanefliffimam
795 293 1083 339 Eucharistiam
1115 297 1381 353 sumpserint,
1444 298 1669 348 habendis,
1700 301 1822 353 prout
1849 293 1873 339 ὲ,
1905 294 2079 351 praefatis
2111 296 2319 341 Fratribus
2352 298 2477 342 fuerit

348 361 567 417 plenariam
592 361 770 402 omnium
793 359 832 396 &
851 354 1095 410 singulorum
1112 367 1378 412 peccatorum
1443 356 1678 400 ordinatum
1704 386 1720 406 ‚
1750 354 1905 399 devote
1933 353 2229 410 interfuerint,
2261 356 2480 413 indulgen-

350 419 650 475 indulgentiam
682 421 722 461 ὃς
746 413 1013 456 remiffionem
1041 427 1052 455 ε
1087 416 1156 469 qui
1187 416 1286 457 vero
1318 415 1385 458 sti-

352 476 535 535 pendiati
552 478 731 524 fuerint,
751 473 791 511 &
805 473 976 515 eandem
1003 477 1073 516 SS.
1091 474 1384 515 Eucharistiam

355 537 422 592 (ut
438 535 671 592 p-raefertur)
686 531 812 586 prima
829 534 918 574 vice
936 531 1174 587 sumpserint
1201 560 1216 583 ,
1248 531 1393 574 decem

358 595 612 642 annorum,&
623 589 796 633 totidem
807 590 1160 646 quadragenarum
1177 590 1393 645 indulgen-

359 658 485 699 tiam:
510 651 692 696 omnibus
721 651 921 692 autem&
948 649 1110 706 singulis
1138 650 1392 704 stipendiatis

357 718 397 757 δε
428 726 505 754 non
535 707 787 762 stipendiatis
812 737 826 759 ,
865 710 906 749 &
936 708 1024 750 aliis
1061 707 1246 751 Personis
1278 708 1391 749 dicta:

355 770 480 814 classis
498 797 511 818 ,
537 767 625 809 aliis
653 767 808 810 vicibus
828 765 1012 808 confeffis
1038 769 1078 808 ὃ(
1105 767 1324 816 contritis,
1349 780 1395 807 ac

357 827 690 876 communicatis,
716 827 892 882 quinque
920 839 1120 868 annorum
1144 827 1183 866 &
1213 825 1393 868 totidem

355 887 711 944 quadragenarum
741 884 1039 940 indulgentiam
1058 914 1074 935 ,
1104 885 1144 924 &
1169 886 1210 924 in
1239 884 1390 925 articu-

355 948 399 989 lo
415 946 560 987 mortis
583 942 810 987 constitutis
827 971 840 993 ,
867 953 989 997 atque
1015 943 1052 983 in
1076 940 1238 998 praefata
1266 955 1388 996 expe·

353 1005 539 1056 ditione,
570 1003 637 1045 vel
665 1016 796 1059 pugna
822 1000 888 1043 seu
912 1000 1058 1057 praeliis
1088 1001 1388 1060 morientibus³

353 1064 542 1106 contritis
565 1060 969 1116 tamem-plenariam
992 1073 1153 1117 quoque
1175 1059 1388 1114 indulgen-

355 1125 455 1164 tiam
474 1151 488 1173 ,
516 1136 637 1178 quam
666 1121 791 1163 iidem
820 1122 983 1162 Fratres
1012 1122 1032 1161 ἑ
1063 1117 1190 1162 Nobis
1223 1115 1390 1160 conces-

353 1180 437 1223 sam
465 1178 544 1223 effe
566 1208 580 1230 ,
615 1180 881 1236 pronuntiare
907 1181 944 1219 &
970 1178 1190 1234 praedicare
1216 1177 1361 1232 poffint
1379 1205 1390 1217 .

355 1243 465 1283 Item
496 1240 707 1289 omnibus,
737 1238 805 1294 qui
835 1235 981 1287 Miffae,
1009 1237 1073 1280 vel
1104 1236 1393 1287 Sermonibus,

351 1299 425 1341 :seu
455 1299 731 1342 Concionibus
772 1297 1032 1352 praesatorum
1065 1299 1251 1340 Fratrum
1277 1321 1292 1344 ,
1323 1305 1393 1338 aut

357 1358 651 1409 Orationibus,
680 1357 892 1399 Matutinis
908 1383 922 1407 ,
946 1369 991 1398 ac
1010 1354 1259 1413 Vespertinis
1289 1354 1396 1397 horis

1448 417 1546 458 tiam
1587 415 1853 472 quadraginta
1886 413 2043 457 dierum
2081 416 2133 458 de
2171 417 2480 471 Omnipotentis

1447 476 1529 517 Dei
1555 473 1829 516 misericordia
1859 502 1873 525 ,
1914 488 1960 515 ac
1994 477 2213 517 Beatorum
2245 476 2396 528 Petri,
2438 478 2479 517 &

1456 531 1575 576 Pauli
1601 532 1886 587 Apostolorum
1910 532 1998 590 ejus
2033 534 2276 578 auctoritate
2313 531 2478 582 confifig

1456 605 1528 646 per
1553 591 1713 632 easdem
1739 591 1949 646 praesentes
1978 591 2238 635 concedimus
2262 593 2483 647 &elargi-

1456 662 1545 691 mur
1561 679 1571 689 .
1606 652 1669 692 Ne
1693 659 1830 691 autem
1857 653 2018 694 Fratres
2040 649 2215 706 praedicti
2232 680 2246 702 ,
2270 652 2366 694 dum
2391 652 2480 693 aliis

1454 705 1613 764 praeeffe
1645 707 1803 750 student
1828 735 1842 756 0
1872 709 1940 752 fibi
1972 710 2266 752 detrimentum
2299 709 2483 760 faciant,

1458 764 1623 821 aliisque
1641 768 1770 809 minus
1797 767 1978 822 prosint,
2009 768 2066 810 eis
2088 764 2478 826 mandamusffltin'

1455 825 1644 866 omnibus
1678 827 1880 879 propriam
1907 827 2090 882 regulam
2119 828 2335 871 observent
2359 840 2374 879 3
2407 839 2484 868 nec

1451 896 1532 925 uon
1551 882 1932 943 Vicar50.Genet-ali
1961 887 1998 928 in
2026 887 2211 929 omnibus
2234 889 2274 928 &
2296 881 2486 941 singulis,

1451 954 1534 996 quae
1560 940 1609 983 ab
1640 942 1702 982 Eo
1734 941 1813 982 ill-is
1844 942 2058 995 ordinata,
2085 946 2128 985 δε
2162 956 2365 1000 praece-pta
2398 943 2490 985 fue-

1451 1001 1559 1049 rint,
1591 1007 1765 1054 pareant
1782 1028 1797 1049 ,
1824 1001 1863 1040 ὅ(
1894 1001 2103 1042 humiliter
2130 1003 2326 1046 obediant
2345 1031 2357 1044 .
2393 1006 2489 1045 Non

1449 1057 1696 1100 obstantibus
1714 1059 1790 1099 ἃς.
1826 1060 1975 1100 Datum
1994 1060 2130 1099 Romae
2153 1062 2262 1114 apud
2293 1064 2485 1103 sanetum

1450 1120 1620 1160 Petrum
1663 1118 1731 1159 sub
1774 1117 1923 1159 annulo
1955 1116 2167 1160 Piscatoris
2199 1119 2266 1160 die
2297 1132 2336 1160 x.
2371 1121 2487 1160 Mar-

1452 1177 1498 1218 tii
1528 1191 1729 1219 MDLxxr.
1757 1174 2022 1220 pontificatus
2041 1174 2176 1219 Nostri
2199 1181 2317 1219 Anno
2342 1174 2486 1220 sexto.

1512 1295 1686 1350 Exempl.
1719 1296 1830 1337 auth.
1865 1294 2087 1353 imprcffitm
2114 1298 2156 1338 in
2185 1297 2354 1339 Archtvo
2386 1299 2489 1338 Gen.

1575 1355 1669 1397 0νέ.
1694 1358 1808 1398 Arm.
1836 1355 2050 1400 Provincia
2074 1351 2370 1412 Neapolitana.
2476 1361 2480 1365 ’

1147 1474 1705 1547 NOTA.

351 1571 548 1661 PRoeter
559 1584 597 1609 ea
610 1595 621 1615 ‚
636 1582 711 1618 quse
722 1569 757 1605 in
775 1568 878 1616 hujus
892 1565 1081 1606 Provinciae
1095 1568 1252 1613 proemio
1262 1567 1304 1602 de
1317 1567 1356 1601 Ρ.
1371 1564 1535 1601 Anselmo
1553 1566 1747 1602 Definltore
1761 1567 1926 1604 Generali
1937 1569 2026 1606 dieta
2041 1569 2115 1604 sunt
2131 1591 2144 1611 ‚
2156 1567 2222 1603 fult
2238 1567 2273 1604 &
2288 1566 2409 1615 jamin
2424 1563 2495 1612 pri.¹

456 1635 512 1658 mo
525 1620 664 1658 Bullarii
683 1631 798 1663 tomo,
823 1618 882 1653 ubi
902 1618 937 1653 &
959 1617 1023 1653 hoc
1040 1617 1148 1664 ipsum
1162 1615 1405 1661 Apostolicum
1420 1616 1530 1650 Breve
1546 1614 1601 1650 seu
1622 1614 1688 1650 toti
1704 1616 1830 1651 ordini
1843 1618 1889 1652 ob
1902 1618 2060 1654 Fratrum
2078 1619 2269 1654 nostrorum
2289 1615 2468 1652 Delee‘tum
2480 1638 2493 1654 .

353 1673 377 1707 ἃ
403 1671 530 1708 Sanfto
557 1668 722 1706 Pontifice
745 1668 869 1704 fastum
884 1689 897 1710 ‚
922 1668 956 1702 in
970 1667 1114 1711 gloriam
1130 1664 1251 1701 cedens
1275 1662 1337 1698 fol.
1365 1672 1420 1709 33.
1449 1664 1635 1708 reperitur,
1666 1663 1753 1700 faEta
1777 1665 1820 1700 de
1852 1663 1914 1699 illo
1936 1666 2044 1711 fugax
2078 1666 2186 1702 laudis
2223 1660 2386 1701 memoria
2402 1686 2415 1707 ‚
2436 1661 2495 1698 cui

354 1721 485 1758 merito
509 1718 652 1766 adjungi
678 1717 806 1761 debet,
829 1718 949 1762 quod,
975 1714 1135 1751 ficutfuit
1151 1711 1272 1755 Magni
1291 1711 1394 1746 nostri
1421 1711 1459 1746 Ρ.
1484 1712 1689 1759 Hieronymi
1717 1714 1736 1748 A
1764 1712 1909 1760 Pistoja,
1925 1715 2146 1751 OEcumenico
2172 1713 2207 1748 in
2231 1710 2494 1753 ConcilioTri-

356 1769 502 1807 dentino
525 1765 779 1810 Theologi&c.
797 1789 809 1808 ,
832 1766 865 1800 in
893 1763 1094 1800 Praefeftura
1107 1761 1298 1798 Pontificiae
1317 1761 1561 1804 Expeditionis
1575 1760 1777 1803 Successor,
1803 1761 1852 1797 ita
1878 1763 1980 1799 etlam
2003 1764 2178 1799 cadaveris
2197 1762 2274 1810 ejus
2305 1761 2348 1798 ab
2381 1760 2497 1796 insula

356 1820 476 1855 Cretae
498 1815 674 1853 carenam
697 1815 801 1862 usque
821 1811 1081 1850 Commiffarius
1101 1808 1335 1847 Conduaor.
1363 1809 1462 1846 Patet
1487 1808 1552 1845 hoc
1572 1821 1614 1844 ex
1638 1809 1887 1852 instrumento,
1913 1812 2008 1858 atque
2031 1812 2137 1854 digno
2165 1835 2178 1854 ,
2212 1823 2251 1847 ac
2272 1807 2456 1847 >necessarii>
2483 1829 2498 1850 ,

356 1877 397 1904 ut
422 1868 475 1903 hic
497 1864 742 1906 subnet'tatur,
765 1874 844 1898 cum
871 1863 912 1899 de
938 1860 1179 1909 HieronymO,
1204 1870 1305 1906 quem
1335 1858 1558 1905 principaliiss
1582 1858 1779 1902 concernit,
1804 1858 2036 1906 opportunior
2059 1858 2226 1905 loquendi
2254 1857 2388 1895 occatio
2423 1868 2496 1893 non

357 1916 516 1952 reditura
530 1913 689 1948 videatur
705 1938 715 1947 .
1748 1944 1751 1946 .

460 1963 502 1999 In
527 1959 681 2000 Nomine
706 1961 861 1997 ‘Domini
886 1957 948 1999 No
975 1959 1009 1994 ri
1035 1957 1133 2007 ‘Jefic'
1148 1956 1277 2007 Christi
1297 1956 1450 1993 eAmen.
1476 1957 1582 1993 Anno
1606 1956 1767 2007 millesimo
1786 1957 2073 2007 septingentesimo
2094 1982 2106 2002 ‚
2131 1968 2172 1994 ex
2203 1968 2269 2006 quo
2304 1954 2494 1993 Verbum

351 2013 484 2065 fafiium
507 2010 573 2059 esi,
598 2008 827 2045 Reverendus
849 2008 1018 2056 quondam
1037 2008 1092 2044 Ψ,
1118 2005 1154 2042 F.
1181 2007 1415 2052 Hieronymus
1437 2005 1478 2041 de
1502 2004 1628 2055 Pistoja
1654 2006 1804 2043 Ordinis
1835 2006 2014 2043 Minorum
2050 2003 2262 2043 Veneranda
2299 2005 2501 2051 Congrega-

311 2066 323 2077 ⁸
359 2063 467 2102 tionis
489 2058 654 2095 Fratrum
682 2058 938 2105 Capucinorum
958 2057 1090 2095 Divini
1110 2052 1218 2093 Verbi
1243 2055 1359 2093 Praeco
1383 2053 1602 2105 clariffimus,
1626 2056 1730 2092 beatae
1759 2057 1866 2098 vitoe,
1886 2055 2065 2104 felicisque
2091 2057 2258 2095 memoria.
2289 2052 2493 2103 Sanffiiffimi

358 2110 504 2151 Domini
530 2104 653 2155 Nostri
677 2105 817 2142 Divina
841 2105 1067 2154 Miseratione
1090 2104 1152 2142 Pii
1169 2104 1275 2153 “Papa
1291 2101 1335 2141 V.
1356 2104 1465 2140 vicem
1485 2115 1609 2150 gerens
1633 2106 1672 2140 in
1683 2104 1931 2153 spiritualibus
1946 2104 2146 2141 Generalem
2162 2106 2200 2140 in
2214 2103 2391 2145 exercitu,
2405 2112 2493 2139 tunc

361 2169 485 2198 contra
510 2156 644 2192 Turcas
668 2154 879 2204 Sanuiffimae
903 2154 1001 2191 Fidei
1023 2152 1122 2202 hostes
1141 2154 1318 2201 expedito,
1342 2151 1409 2202 post
1433 2152 1556 2188 multas
1578 2164 1617 2188 ac
1636 2155 1756 2189 varias
1780 2153 1991 2190 calamitates
2006 2178 2018 2196 ‚
2032 2152 2254 2202 plurimisque
2273 2161 2335 2201 pro
2360 2148 2493 2200 Christo

362 2206 553 2246 exantlatis
579 2204 756 2240 laboribus
772 2213 845 2241 tum
867 2205 906 2239 in
932 2203 1066 2240 Divini
1089 2200 1196 2239 Verbi
1219 2203 1385 2239 continua
1400 2201 1644 2249 praedicatione
1658 2229 1667 2243 ,
1694 2212 1767 2239 tum
1792 2203 1835 2244 ὠ·
1854 2204 1892 2238 in
1914 2201 2084 2239 militibus
2101 2227 2113 2246 ,
2128 2198 2212 2239 tunc
2233 2200 2392 2247 temporis
2409 2197 2495 2248 peste

361 2255 604 2294 laborantibus
626 2254 768 2300 propria
795 2261 896 2300 opera
910 2251 1163 2300 subveniendis
1180 2278 1188 2292 ,
1214 2252 1252 2286 in
1276 2251 1583 2298 manibussuorum
1603 2251 1781 2288 Sociorum
1805 2276 1817 2295 ,
1842 2251 1973 2288 Saneiae
1995 2250 2156 2287 Romanae
2190 2248 2334 2298 Ecclefiae
2369 2250 2499 2286 Sacra·

363 2308 488 2345 mentis
502 2303 656 2340 omnibus
666 2303 766 2350 prius
780 2300 900 2338 devoti
909 2300 1078 2349 susceptis
1091 2325 1103 2344 ,
1127 2299 1266 2337 Fratres
1272 2300 1352 2348 suos
1364 2324 1376 2342 ‚
1402 2298 1575 2346 omnesque
1601 2298 1685 2335 alios
1707 2298 1875 2347 adstantes
1893 2300 1939 2335 acl
1976 2298 2207 2348 Christianam
2242 2297 2358 2334 Fidem
2383 2295 2500 2345 fideli-

361 2367 418 2395 ter
436 2351 673 2403 servandam,
686 2351 899 2399 fortiterque
919 2350 1106 2392 tuendam,
1133 2348 1314 2397 christiano
1334 2360 1372 2384 ac
1394 2356 1541 2396 paterno
1562 2359 1697 2384 monens
1728 2347 1844 2399 affefiiu
1863 2373 1875 2392 ‚
1899 2350 1938 2384 in
1963 2347 2077 2394 Insula
2104 2348 2215 2385 Cretae
2239 2347 2375 2395 felicem
2404 2357 2500 2382 acce-

358 2407 415 2455 pit
437 2402 673 2440 dormitionem
691 2425 702 2435 .
727 2399 838 2447 Cujus
865 2400 1000 2446 quidem
1019 2396 1224 2436 Reverendt
1246 2398 1368 2436 Patris
1385 2395 1572 2444 praeclara‚
1597 2408 1787 2444 magnaque
1811 2398 1960 2439 merita,
1979 2397 2022 2437 ὠ·
2054 2397 2134 2432 dum
2161 2397 2299 2433 viveret
2315 2420 2326 2438 ‚
2358 2395 2401 2436 (9⁶
2430 2391 2499 2443 post

359 2455 435 2503 ejus
453 2453 581 2488 obitum
594 2472 606 2492 ‚
633 2447 749 2495 aperte
757 2449 964 2496 propriaque
977 2447 1188 2494 experientia
1214 2447 1407 2493 cognoscens
1421 2444 1652 2494 Illustrifflrnus
1666 2470 1679 2488 ,
1704 2446 1747 2486 ὠ·
1769 2444 2074 2494 Reverendiffimus
2088 2445 2255 2481 Dominus
2270 2442 2395 2494 ‘Julius
2423 2444 2499 2478 An-

359 2503 479 2541 tonius
505 2498 694 2538 Santorius
711 2497 753 2532 de
781 2497 940 2534 Civitate
962 2495 1110 2543 Cafhrtae
1133 2496 1302 2532 oriundus
1319 2519 1332 2539 ‚
1356 2494 1495 2530 Divina
1526 2493 1716 2532 Clementia
1769 2493 1901 2531 Saniiae
1931 2493 2093 2529 Romanae
2132 2491 2276 2542 Ecclefiae
2301 2492 2498 2538 Presbyter

366 2547 575 2590 cardinalis
612 2544 684 2583 Tit.
719 2547 760 2583 S.
778 2545 1017 2582 Bartholomaei
1036 2545 1078 2580 in
1101 2544 1215 2593 Insula
1227 2569 1239 2587 ,
1264 2544 1306 2585 ὠ·
1329 2543 1471 2592 ejusdem
1492 2541 1703 2580 Venerandae
1729 2543 2014 2591 Congregationis
2038 2541 2229 2582 Proteffior,
2253 2543 2296 2583 ὼ·
2315 2541 2500 2584 Guberna-

362 2611 420 2639 tor
441 2594 731 2646 praelariffimus,
756 2602 859 2640 atque
880 2593 1108 2642 digmffimus,
1135 2604 1176 2629 ex
1190 2593 1258 2642 sua
1282 2605 1393 2636 mera,
1416 2594 1544 2641 piaque
1566 2593 1780 2639 benignitate
1805 2604 1887 2640 erga
1910 2592 2103 2640 praedifiium
2126 2591 2277 2628 ‘Beatum
2303 2591 2443 2629 Patrem
2457 2598 2499 2624 ex·

360 2647 524 2698 praedifzia
551 2643 691 2692 Insula,
716 2643 776 2679 ubi
798 2642 871 2690 jam
890 2644 992 2690 prius
1013 2642 1228 2686 dormierat,
1252 2642 1290 2677 in
1308 2642 1469 2686 Italiam,
1495 2642 1538 2682 ὅς’
1556 2640 1695 2690 propri&
1716 2643 1755 2677 in
1788 2641 1981 2689 praedifiam
2009 2641 2199 2677 Civitatem
2232 2641 2400 2680 Calertae·
2424 2637 2499 2686 ejus

363 2694 540 2734 benediffia
571 2690 640 2743 offa.
651 2692 725 2740 five
745 2689 929 2739 Reliquias
949 2690 1184 2738 transportari
1210 2692 1353 2727 curavit
1376 2690 1597 2728 Auuoritate
1618 2688 1809 2739 Apostolica
1835 2701 1925 2726 anno
1951 2690 2093 2726 Domini
2115 2687 2410 2726 MDLXXXIII.
2436 2696 2498 2733 per

363 2743 610 2783 Reverendum
634 2740 675 2777 P.
698 2738 757 2776 Fr.
787 2739 986 2787 Anfilmum
1006 2740 1048 2775 de
1070 2738 1180 2777 Petra
1198 2738 1363 2776 ·Molaria
1385 2747 1488 2788 prope
1516 2737 1692 2781 Theanum
1716 2738 1861 2787 ejusdem
1891 2738 2065 2782 Ordinis,
2087 2739 2132 2774 ad
2157 2737 2216 2773 hoc
2241 2739 2283 2773 ab
2315 2738 2381 2786 ipso
2420 2734 2502 2771 Illu-

356 2794 511 2847 flrifflmo
526 2817 539 2836 ‚
565 2790 608 2832 &⁴
630 2787 914 2838 Reverendiffimo
935 2789 1081 2824 Domino
1107 2788 1297 2826 Cardinale
1323 2783 1594 2839 Commiffarium
1629 2787 1843 2836 Deputacum
1866 2816 1875 2831 ‚
1913 2788 1956 2828 ἐφ’
1991 2786 2193 2835 Delegatum
2209 2811 2218 2828 ,
2247 2797 2332 2823 moto
2363 2785 2499 2834 quidem

365 2844 415 2880 ad
440 2842 498 2878 hoc
520 2841 616 2889 pium
641 2847 721 2886 opus
739 2848 812 2875 tum
837 2848 878 2874 ex
890 2838 959 2886 sua
979 2837 1193 2884 benignitate
1207 2861 1220 2880 ,
1243 2838 1286 2880 (ς’
1305 2837 1485 2874 devotione
1504 2849 1586 2884 erga
1608 2837 1802 2884 praediffium
1830 2839 1964 2873 beatum
1994 2836 2268 2883 Hieronymum,
2293 2846 2365 2872 tum
2392 2835 2434 2875 (ς’
2457 2845 2500 2869 ne

362 2893 463 2931 tanti
483 2887 684 2926 Reverendi
704 2888 861 2934 beatique
885 2887 1008 2925 Patris
1035 2897 1102 2921 non
1122 2894 1235 2934 pauca
1260 2887 1386 2923 merita
1411 2887 1462 2922 ibi
1476 2885 1569 2922 nullo
1583 2887 1716 2934 sciente
1725 2910 1739 2929 ,
1764 2885 1960 2922 celarentur
1976 2910 1985 2925 ,
2005 2897 2044 2921 ac
2071 2894 2136 2927 ut,
2148 2885 2237 2934 ficut
2252 2886 2321 2934 ipse
2337 2882 2501 2932 *Illustris-

357 2941 462 2991 simus
475 2965 486 2980 ‚
511 2939 555 2980 &
573 2936 881 2985 Reverendiffimus
906 2934 1110 2973 Cardinalis
1129 2936 1203 2984 ejus
1225 2937 1313 2971 viva
1334 2935 1516 2984 praesentiti
1532 2960 1544 2979 ,
1566 2933 1806 2984 familiarique
1827 2935 1979 2983 obsequio
2004 2935 2135 2981 potitus
2156 2946 2195 2969 ac
2233 2932 2368 2970 lutatus
2391 2931 2470 2980 fuit
2485 2954 2498 2975 ,

362 2991 420 3028 ita
445 2989 586 3027 Civitas
607 2985 754 3034 Casertae
774 2984 846 3033 ejus
868 2984 995 3023 Patria
1012 2986 1188 3032 potiretur
1209 2997 1250 3020 ac
1274 2984 1452 3021 laetaretur
1471 2982 1668 3031 Reliquiis,
1696 2984 1830 3020 meritis
1850 2996 1890 3019 ac
1903 2983 2096 3031 patrocinio
2122 2981 2217 3017 illius
2232 3007 2242 3017 .

465 3037 548 3073 ‘Die
570 3036 683 3082 igitur
704 3033 858 3119 viglqfima
869 3033 1016 3082 septima
1041 3034 1152 3083 mensis
1180 3034 1311 3070 Martii
1336 3033 1481 3082 ejusdem
1502 3033 1588 3067 anni
1605 3030 1768 3078 praedifia
1794 3031 1993 3067 veneranda
2015 3026 2077 3080 offa
2098 3040 2139 3066 ex
2161 3027 2367 3067 Veneranda
2387 3028 2499 3065 Eccle-

354 3089 406 3139 fia
434 3083 731 3124 Annuntiationis
782 3093 919 3120 rutrum
947 3081 1215 3119 carmelitarum
1236 3081 1380 3131 ejusdem
1403 3082 1574 3119 Civitatis
1599 3079 1771 3127 Casertae‚
1797 3079 1842 3114 acl
1862 3091 1963 3127 quam
1986 3079 2120 3126 quidem
2143 3078 2315 3129 Ecclesiam
2333 3079 2432 3124 prius
2457 3078 2499 3113 de

364 3135 519 3184 Mapoli
541 3132 702 3182 perdu‘c‘ia
720 3132 870 3180 fuerant
890 3143 951 3180 per
971 3131 1168 3179 pradifium
1188 3130 1236 3166 R.
1260 3132 1304 3170 P.
1327 3129 1363 3167 F.
1392 3129 1592 3180 Ansilmum
1614 3151 1627 3171 ,
1644 3126 1787 3176 solemni
1809 3130 1916 3164 totius
1941 3126 2037 3165 Cleri
2057 3151 2070 3171 ,
2096 3129 2311 3176 omniumque
2346 3127 2502 3176 Religio÷

364 3197 447 3222 num
473 3196 512 3219 ac
535 3181 762 3220 Saecularium
787 3183 1000 3220 Societatum
1023 3180 1241 3229 proceffione,
1268 3177 1434 3218 Virorum
1467 3192 1507 3216 ac
1534 3177 1750 3219 Mulierum,
1776 3177 1819 3218 (ς’
1839 3178 2037 3213 vicinarum
2072 3175 2261 3214 Terrarum
2294 3178 2417 3224 magna
2443 3188 2500 3213 co·

365 3235 511 3272 mirante
529 3232 671 3268 catervd
686 3255 698 3274 ,
725 3230 886 3267 candelas
905 3230 1061 3279 accensas
1074 3229 1274 3278 ferentibus
1288 3229 1442 3265 omnibus
1456 3253 1468 3273 ‚
1484 3226 1678 3278 sumptibus
1694 3225 1791 3274 ipfius
1806 3224 2011 3276 Illustriffimi
2025 3251 2035 3269 ‚
2055 3238 2094 3262 ac
2109 3225 2391 3275 Reverendiffimi
2407 3225 2499 3263 Car-

366 3281 517 3324 ainans,
538 3288 598 3326 per
624 3280 765 3316 eundem
792 3279 831 3318 P.
858 3278 1072 3328 eAnselmum
1091 3275 1380 3327 CommiJJ‘arium,
1407 3290 1467 3314 nec
1491 3288 1558 3313 non
1578 3284 1640 3324 per
1664 3273 1748 3309 alios
1766 3274 1883 3324 plures
1901 3300 1912 3317 ‚
1936 3275 1979 3316 &⁵
1996 3275 2073 3323 fiere
2109 3276 2366 3324 quinquaginta
2407 3271 2493 3309 Fra-

368 3342 440 3369 tres
453 3329 644 3375 Capucinos
657 3353 668 3370 ‚
688 3340 802 3365 eorum
822 3328 1015 3376 aliquorum
1043 3327 1192 3364 humeris
1210 3327 1316 3364 loculo
1338 3325 1459 3365 devote
1473 3351 1486 3371 ‚
1511 3326 1554 3367 &⁶
1578 3323 1755 3360 humiliter
1772 3323 1932 3374 submiffis
1947 3348 1960 3368 ,
1983 3323 2124 3372 psalmos
2145 3324 2305 3361 continuo
2347 3331 2496 3359 cantan-

368 3391 442 3421 tes,
466 3379 511 3413 ad
537 3375 642 3411 locum
665 3379 703 3414 S·
729 3377 903 3426 Francisci
926 3378 1074 3427 ipfi’rum
1097 3377 1352 3424 Caput-inarum
1369 3376 1567 3426 solemniter
1575 3374 1726 3421 fuerunt
1749 3372 1946 3414 translata,
1972 3366 2010 3408 in
2040 3373 2102 3409 hac
2121 3371 2252 3421 plumbi
2282 3369 2419 3420 capsula
2454 3379 2495 3406 ex

369 3428 530 3467 mandato
553 3424 648 3470 ipfius
674 3425 875 3475 Illustriffimi
889 3452 902 3471 ‚
923 3440 964 3464 ac
987 3425 1267 3475 Reverendiffimi
1290 3427 1445 3463 ‘Domini
1463 3421 1667 3462 Cardinalis
1692 3421 1761 3471 post
1782 3424 1891 3460 trium
1914 3422 2049 3459 dierum
2074 3423 2320 3459 continuarum
2346 3418 2495 3466 vigilia-

369 3489 447 3515 rum
462 3502 472 3519 ‚
499 3476 540 3517 (ς’
564 3472 745 3524 Miffarum
756 3476 919 3523 solemnia
943 3476 1113 3513 celebrata
1127 3498 1140 3518 ‚
1165 3474 1345 3522 honorifici
1369 3473 1545 3512 recondita
1563 3472 1714 3521 fuerunt
1733 3471 1780 3507 ad
1798 3473 1962 3520 futuram
1986 3473 2038 3508 rei
2061 3472 2252 3508 memoriam
2281 3492 2292 3510 ,
2314 3468 2498 3517 prasenti-

371 3528 434 3563 bus
458 3526 525 3572 ipso
545 3522 588 3558 R·
616 3526 655 3561 P.
680 3524 838 3572 Anselmo
867 3523 1095 3576 Commiffario
1108 3549 1120 3569 ,
1143 3538 1181 3562 ac
1205 3536 1238 3562 2.
1262 3524 1447 3562 Fratribus
1467 3522 1579 3568 Sociis
1595 3520 1693 3569 ejus:
1721 3521 1781 3568 qui
1803 3521 1939 3569 quidem
1967 3531 2008 3558 ex
2031 3518 2169 3556 candia
2203 3516 2386 3565 Reliquias
2406 3517 2495 3565 ipsas

369 3575 654 3621 transportarunt
673 3581 736 3621 per
759 3586 852 3610 mare
869 3576 1013 3621 paribus
1029 3601 1041 3620 ,
1066 3575 1108 3616 ὠ·
1131 3569 1270 3619 maris}
1286 3574 1330 3616 ἐῢ·
1358 3571 1553 3609 Turcarum
1579 3567 1744 3620 periculis
1772 3567 1970 3606 miraculose
1994 3566 2095 3615 evasis
2109 3591 2122 3610 ,
2147 3576 2188 3603 ut
2208 3566 2275 3614 ipse
2302 3565 2341 3602 P.
2362 3563 2395 3600 F.
2413 3566 2497 3603 An-

363 3624 488 3674 seimus
517 3623 559 3664 ἔθ’
579 3622 673 3656 §ocii
693 3620 804 3670 testati
820 3623 932 3670 sunt,
956 3632 1016 3670 per
1039 3624 1298 3673 interceffionem
1326 3623 1422 3673 ipsius
1450 3621 1493 3658 Β.
1523 3621 1565 3659 Ρ.
1591 3618 1824 3666 Hieronymi.
1850 3618 1892 3657 In
1903 3627 2047 3669 quorum
2058 3613 2406 3665 pradiiiorumfidem
2419 3615 2495 3657 &e-

372 3675 505 3712 Datum
525 3673 563 3707 in
581 3669 648 3705 loco
676 3673 715 3709 S.
739 3670 912 3719 Francisei
935 3672 976 3706 de
1001 3674 1140 3722 Caserta
1165 3674 1220 3709 die
1240 3674 1283 3715 ὠ·
1312 3683 1402 3707 anno
1426 3669 1620 3718 pradiffiis.

950 3718 1008 3757 Fr.
1036 3721 1216 3770 Anselmus
1243 3717 1494 3771 Commiffarius
1519 3720 1704 3769 utsupra.

470 3770 558 3809 Alia
580 3769 621 3807 de
640 3768 694 3805 ⁶1².
717 3769 927 3819 Hieronymo
948 3770 1029 3806 vide
1055 3781 1141 3822 tomo
1160 3771 1272 3820 primo
1290 3769 1355 3820 fol.
1381 3779 1437 3816 34,
1458 3769 1501 3818 &f
1522 3779 1580 3816 44.
1603 3769 1641 3819 in
1667 3767 1755 3805 notis
1773 3791 1784 3804 .

2343 3814 2441 3858 RE·
