2664 4114
899 156 1597 274 Neapolitana.

183 285 263 331 Fr.
283 275 573 328 Bernardum
603 273 630 324 ὲ
659 274 894 344 Neapoli,
931 293 1019 342 pro
1046 278 1224 345 expedi.

252 352 371 399 tiore
414 349 756 417 praedicationis
811 343 962 395 studio
999 347 1056 397 ab
1098 348 1223 399 Offi-

250 423 333 470 ciis
373 422 633 491 Religionis
665 417 857 468 eximit.

178 563 219 606 A
246 572 371 618 tergo
390 592 402 604 .
438 561 594 604 DileHo
619 558 725 602 Filio
750 558 954 601 Ber-nardo
983 560 1028 602 de
1055 564 1224 619 Neapoli

267 624 366 666 Ord-
395 626 594 666 Fratrum
613 616 823 661 Minorum
852 625 891 659 s.
916 622 1122 678 Francfii

384 676 674 737 Capacinorum
704 687 1021 733 nuncupatorum

578 736 817 798 Profeſjo'ri.

211 856 644 916 URBANUS
701 858 918 908 PAPA
970 860 1174 908 VIII.

264 985 420 1029 Dileffe
446 986 537 1031 Fili
549 986 732 1043 sulutem
751 1014 766 1037 ,
798 985 852 1036 ὠ*
881 985 1140 1043 Apostolicam

531 1045 843 1090 Benediffloncm
855 1073 868 1085 .

295 1162 498 1216 Eligionis
526 1162 672 1214 zelus,
704 1165 922 1204 sacrarum
949 1164 1222 1207 Liternum„

320 1219 516 1270 scientia,
544 1220 706 1277 aliaque
730 1220 897 1276 infignia
929 1222 1128 1264 virtutum
1146 1223 1220 1265 do-

166 1292 252 1324 na,
279 1277 428 1334 quibus
454 1280 518 1321 Te
543 1277 565 1320 a
594 1281 774 1322 Domino
797 1281 1027 1332 insignitum
1048 1283 1126 1326 esse
1152 1297 1219 1325 ac-

167 1338 355 1392 cepimus
371 1366 386 1389 ,
413 1341 501 1380 Nos
520 1336 720 1381 inducunt
738 1368 751 1391 ,
779 1351 826 1381 ut
844 1343 906 1383 Te
924 1343 1130 1397 praecipuo
1155 1358 1223 1399 pa.

167 1408 300 1439 ternae
334 1397 550 1441 charitatis
581 1397 726 1440 affeetu
762 1399 943 1443 libenter
970 1402 1216 1456 complecta-

154 1470 286 1498 mur.
321 1457 483 1512 Exponi
514 1455 710 1513 liquidem
739 1460 870 1502 Nobis
898 1474 1024 1516 nuper
1052 1460 1212 1512 fecisti,

164 1515 276 1570 quod
304 1517 395 1565 Tu,
421 1515 519 1571 qui,
545 1529 590 1558 ut
613 1515 747 1561 alferis
763 1548 778 1569 ,
803 1518 1001 1562 Ordinem
1021 1523 1209 1562 Fratrum

165 1575 380 1617 asinorum
402 1576 536 1618 Sancti
558 1576 762 1619 Francisci
781 1579 1090 1634 Capucinorum
1112 1594 1213 1621 nun-

160 1644 411 1688 cupatorum
437 1634 631 1689 expresse
664 1635 857 1691 prosessus
889 1652 932 1679 es
954 1668 971 1688 ,
1006 1649 1050 1679 ut
1081 1637 1213 1678 studio

161 1693 464 1746 praedicationis
495 1694 622 1736 Verbi
653 1696 760 1745 Dei,
799 1695 849 1737 ad
875 1696 984 1751 quod
1014 1694 1210 1737 naturali-

162 1763 229 1792 ter
260 1753 482 1795 inclinatus
506 1754 641 1795 existis
667 1767 683 1805 3
714 1756 754 1796 &
785 1755 824 1794 in
855 1754 970 1808 cujus
1003 1753 1207 1796 exercitio

161 1813 225 1854 ‘re
252 1826 345 1851 curn
375 1812 518 1852 Divini
551 1809 703 1852 Cultus
735 1811 1029 1862 incremento,
1060 1813 1099 1852 &
1123 1814 1205 1852 Or-

157 1869 266 1913 dinis
288 1869 349 1909 tui
376 1866 556 1923 praedit‘ti
577 1869 727 1911 decore
752 1870 1010 1912 versaturum
1038 1869 1201 1925 speras,

161 1927 364 1971 attentius
397 1940 544 1970 vacare
576 1926 693 1982 poffis
715 1956 731 1979 ,
762 1927 868 1983 apud
905 1932 1012 1972 Ven.
1039 1931 1201 1973 Fratres

155 1988 334 2032 Nostros
362 1990 404 2027 S.
422 1987 478 2028 R.
494 1987 546 2027 E.
572 1987 819 2030 Cardinales
845 1988 1032 2044 negociis
1057 1991 1202 2045 Regu-

154 2047 310 2090 larium
355 2046 583 2101 praepolitos
615 2060 690 2103 pro
720 2047 941 2094 obtinenda
974 2047 994 2089 a
1030 2049 1201 2107 cujusvis

156 2105 325 2164 generis
345 2105 581 2148 muneribus
598 2134 611 2156 ,
639 2105 779 2149 officiis
795 2136 810 2159 ,
835 2107 1105 2162 dignitatibus
1119 2140 1134 2163 ,
1161 2113 1202 2153 &

156 2166 474 2222 praeeminentiis
504 2165 602 2207 dic'ti
636 2166 803 2208 Ordinis
831 2169 1098 2224 exemptione
1135 2168 1201 2213 in-

158 2223 289 2268 stitisti
307 2238 320 2265 :
347 2226 418 2279 qui
440 2223 607 2280 quidem
627 2226 895 2268 Venerabiles
923 2230 1090 2269 Fratres
1108 2232 1198 2271 No-

158 2285 229 2327 stri
269 2284 574 2339 exemptionem
607 2281 629 2324 εὶ
663 2285 725 2326 Te
760 2284 933 2340 petitam
970 2285 1199 2343 hujusmodi

158 2341 256 2387 Tibi
290 2342 602 2386 concedendam
634 2341 714 2385 esse
746 2341 991 2386 censuerunt
1026 2347 1198 2390 arbitrio

157 2401 376 2446 Generalis
393 2401 562 2444 Ordinis
579 2402 755 2456 praedieii
771 2430 786 2453 ·,
811 2406 879 2458 qui
903 2403 1008 2446 dieta
1031 2403 1084 2446 de
1109 2421 1204 2448 cau-

157 2461 196 2504 {a
225 2474 300 2516 pro
332 2459 399 2504 sua
429 2461 650 2516 prudentia
676 2488 690 2511 ,
729 2463 766 2502 &
800 2473 924 2517 prout
952 2464 990 2504 in
1022 2465 1203 2507 Domino

158 2521 287 2574 magis
313 2519 511 2576 expedire
538 2520 812 2562 arbitraretur
834 2551 849 2573 ,
881 2521 1072 2576 petitioni
1100 2538 1200 2576 prae..

155 2580 272 2622 distae
294 2577 547 2632 satisfaciat,
573 2580 703 2622 dictus
730 2589 866 2623 autem
894 2580 1110 2623 Generalis
1132 2591 1199 2622 at-

940 2699 1167 2764 NO

1285 286 1406 320 tento
1430 279 1657 322 eorundem
1684 276 1996 321 venerabilium
2028 280 2212 324 Fratrum
2233 287 2320 328 Dec

1285 348 1405 380 creto
1434 337 1660 396 hujusmodi
1686 338 1878 391 petitioni
1906 340 1999 381 Tuae
2026 341 2221 394 praedieiae
2246 358 2319 386 an-

1282 399 1400 449 nuit,
1417 409 1538 453 prout
1555 399 1591 440 in
1618 397 1728 441 dieto
1754 400 1939 442 Decreto
1967 396 2036 440 sub
2062 399 2130 441 die
2166 413 2227 451 ¹7·
2250 403 2320 457 Ju-

1284 456 1358 508 lii,
1389 459 1428 499 &
1458 457 1603 502 assensu
1625 458 1724 499 dicti
1747 456 1963 502 Generalis
1993 458 2030 499 in
2057 459 2136 499 vim
2161 463 2320 503 Decrea

1284 518 1315 558 ti
1343 515 1570 573 hujusmodi
1598 517 1665 558 die
1692 520 1731 559 8.
1759 517 1928 574 Augusti
1954 517 2045 560 anni
2078 518 2201 573 1637.
2234 519 2319 562 res-

1284 576 1450 632 pective
1482 575 1709 627 emanatis,
1730 576 1885 630 plenius
1901 576 2050 619 dicitur
2082 579 2319 622 contineri.

1282 638 1396 677 Cum
1407 642 1562 682 autem,
1583 630 1682 673 ficut
1707 635 1852 676 eadem
1878 636 2073 692 expositio
2099 633 2319 692 subjunge-

1282 693 1385 741 bat,
1418 692 1479 732 Tu
1511 704 1588 745 pro
1619 689 1786 733 firmiori
1818 695 1985 737 Decreti
2013 723 2028 746 ,
2058 696 2098 736 &
2129 693 2320 738 Alsensfis

1283 747 1575 805 praedictorum
1590 748 1846 792 observantia
1863 752 1955 803 ,illa
1977 754 2216 808 Apostolicae
2246 770 2321 796 no-

1283 809 1368 851 strae
1392 807 1718 850 confirmationis
1747 810 1965 852 munimine
1995 814 2181 855 roborari
2202 814 2323 856 'sum-'

1283 881 1454 922 mopere
1480 866 1714 919 defideres3
1747 871 1832 909 Nos
1850 870 1908 910 Te
1923 869 2203 924 praemifforum
2230 887 2322 915 me-

1284 927 1459 968 ritorum
1476 929 1640 969 tuorum
1654 926 1805 968 intuitu
1820 955 1834 977 ,
1850 926 2089 982 specialibus
2109 928 2319 973 favoribus

1282 987 1320 1027 8<
1340 986 1479 1041 gratiis
1497 985 1686 1042 prosequi
1706 985 1913 1036 volentes,
1928 986 1968 1026 δε
1986 988 2006 1027 ὲ
2023 987 2223 1044 quibusvis
2242 993 2320 1032 &c-

1283 1041 1520 1094 censentes,
1551 1043 1912 1099 supplicationibus
1941 1054 2014 1086 tuo
2046 1048 2207 1090 nomine
2238 1051 2320 1091 διε.

1283 1101 1500 1155 inclinati,
1531 1106 1761 1145 Decretum
1786 1103 1993 1145 dictorum
2011 1106 2322 1149 Venerabilium

1283 1166 1475 1206 fratrum
1502 1162 1733 1205 nostrorum
1759 1191 1772 1213 ,
1805 1164 1846 1203 &
1883 1160 2075 1204 assensum
2102 1166 2201 1206 dicti
2232 1168 2322 1207 Ge-

1278 1224 1430 1267 neralis
1464 1222 1658 1278 praedicta
1674 1221 2222 1276 ApostolicaAuctoritste,
2256 1231 2322 1264 te-

1277 1297 1379 1327 nore
1413 1283 1668 1340 prae³entium
1708 1280 2026 1333 confirmamus,
2052 1283 2089 1322 &
2118 1282 2322 1337 approba-

1277 1357 1365 1384 mus
1393 1373 1409 1394 ,
1436 1343 1579 1397 illique
1609 1341 1858 1383 inviolabilis
1877 1340 2119 1396 Apostolicae
2143 1340 2318 1383 firmita-

1277 1406 1327 1445 tis
1353 1404 1479 1443 robur
1506 1400 1748 1458 adjicimus,
1782 1414 1828 1442 ac
1860 1414 2003 1442 omnes
2025 1429 2039 1451 ,
2070 1402 2109 1442 ὅ(
2137 1401 2317 1456 singulos

1274 1472 1358 1504 tam
1390 1460 1519 1517 juriS,
1557 1464 1676 1514 quam
1707 1458 1804 1501 facti
1833 1458 2052 1509 desectus,
2087 1459 2111 1500 si
2141 1462 2211 1516 qui
2240 1460 2317 1503 de-

1266 1523 1393 1575 super
1418 1518 1733 1574 quomodolibet
1770 1519 2074 1559 intervenerint
2096 1543 2111 1564 ,
2151 1518 2320 1572 supple-

1267 1592 1361 1620 mus
1383 1606 1399 1617 .
1433 1580 1528 1619 Non
1553 1576 1807 1618 obstantibus
1838 1574 2207 1618 constitutionibus
2225 1603 2240 1623 ,
2277 1578 2318 1618 &

1269 1635 1615 1679 Ordinationibus
1631 1635 1874 1690 Apostolicis
1888 1663 1903 1685 ‚
1930 1634 2117 1690 dictique
2143 1635 2315 1677 Ordinis

1269 1696 1395 1738 etiam
1426 1694 1661 1752 juramento
1687 1696 1765 1735 &c.
1808 1693 2014 1736 roboratis
2046 1693 2202 1736 statutis
2231 1723 2245 1746 ,
2275 1697 2317 1736 &

1268 1753 1626 1797 consuetudinibus
1645 1781 1659 1804 ‚
1690 1752 1918 1808 privilegiis
1947 1766 2144 1809 quoque,
2176 1754 2316 1796 indul-

1267 1814 1318 1854 tis
1333 1841 1346 1864 ,
1370 1814 1411 1853 &
1429 1814 1577 1856 Literis
1595 1811 1837 1868 Apostolicis
1852 1811 2154 1863 eideni‚0rdini
2171 1842 2186 1864 ,
2207 1811 2314 1865 eius-

1264 1885 1346 1927 que
1373 1873 1693 1928 Superioribus,
1726 1873 1764 1912 &
1791 1871 1879 1913 aliis
1903 1868 2112 1926 quibusvis
2139 1874 2178 1915 in
2209 1887 2312 1914 con-

1262 1930 1438 1973 trarium
1465 1932 1542 1973 &c.
1575 1930 1807 1973 innovatis.
1840 1931 2001 1989 Qibus
2029 1932 2213 1973 omnibus
2230 1957 2243 1979 a
2270 1933 2313 1974 &

1261 1990 1429 2046 fingulis
1455 2004 1599 2032 eorum
1623 1989 1807 2031 omnium
1835 2000 2002 2030 tenores
2031 1990 2107 2029 &c-
2140 1990 2312 2046 deroga.

1263 2064 1351 2093 mus
1374 2078 1389 2101 ,
1411 2048 1648 2105 caeterisque
1671 2049 1892 2090 contrariis
1921 2046 2268 2104 quibuscumque.

1323 2113 1479 2153 Datum
1507 2111 1648 2151 Romae
1673 2107 1778 2163 apud
1808 2112 1999 2149 Sanctam
2028 2107 2199 2150 Mariam
2228 2110 2313 2150 Ma:

1258 2168 1387 2226 jorem
1412 2171 1490 2211 &c-
1509 2167 1578 2209 sub
1592 2167 1765 2209 Annulo
1780 2165 1995 2209 Piscator-is
2019 2166 2088 2208 die
2112 2180 2206 2208 xix.
2222 2170 2310 2209 An·-

1258 2229 1359 2285 gusti
1391 2231 1514 2271 Anno
1540 2240 1842 2270 Mncxxxvit.
1873 2224 2137 2268 Pontificatus
2170 2225 2310 2270 Nostri

1259 2292 1386 2331 Anno
1411 2286 1766 2343 Decimoquiuto-

1810 2346 1869 2387 M.
1885 2345 1937 2386 A.
1954 2341 2161 2385 Maraldus
2175 2370 2189 2383 .

1324 2470 1383 2509 Ex
1411 2461 1563 2519 Regesto
1591 2458 1823 2503 Secretariae
1850 2462 2040 2501 Braevium
2068 2457 2303 2514 Apostolicos

1377 2537 1469 2567 rum
1495 2521 1615 2579 mens}
1637 2522 1687 2570 «ἐς
1708 2522 1812 2577 μηηὶ
1835 2519 1964 2578 praed.
1983 2516 2067 2578 fil.
2088 2531 2150 2560 12.

1260 2701 1520 2765 T‘A.

242 2839 455 2878 Raelibatum
479 2839 522 2875 Ρ.
547 2837 760 2874 Bernardum
782 2838 1015 2876 Nobiliffimae
1042 2839 1281 2876 Philomarinae
1294 2840 1421 2877 Gentis
1443 2851 1609 2885 germen,
1629 2841 1664 2878 &
1689 2837 1949 2876 Emineniislimi
1975 2837 2167 2875 Cardinalis
2188 2836 2291 2876 Asc-s

253 2892 303 2928 nii
336 2887 596 2936 Archiepiscopi
628 2887 861 2935 Neapolitani
885 2888 974 2929 &c.,
999 2900 1060 2925 nec
1080 2899 1154 2922 non
1185 2893 1229 2925 Ρ.
1254 2889 1360 2924 nostri
1393 2890 1563 2926 francisci
1611 2890 1730 2926 Mai-iat
1754 2912 1766 2931 ,
1808 2887 2001 2924 Provinciae
2044 2886 2287 2932 Neapolitana:

155 2944 247 2980 terni
271 2940 349 2977 vice
384 2936 634 2979 provincialis,
666 2936 926 2974 Examinatoris
953 2936 1163 2986 synodalis,
1185 2939 1266 2975 Sac.
1296 2937 1528 2985 lnquilitionis
1554 2938 1773 2975 Consultoris
1793 2937 1922 2974 Decani
1946 2937 2012 2973 δεσ-
2027 2937 2174 2972 Fratrem
2195 2935 2289 2971 Ger-

156 3003 296 3028 manum
322 2986 417 3025 suiffe
443 2988 581 3033 reperio
597 3015 605 3022 .
634 2987 799 3031 ingenito
823 2986 979 3022 studendi
1006 2987 1146 3027 animo,
1170 2987 1387 3032 comparavit
1408 2987 1468 3023 {ibi
1488 2987 1676 3025 doarinam
1703 2986 1870 3026 solidam,
1897 2985 1953 3022 cui
1981 2986 2143 3020 virtutem
2171 2983 2287 3020 sociali

152 3039 272 3089 junxit
302 3038 456 3075 foedere.
483 3035 610 3072 Officia
639 3035 832 3074 Provincia:
854 3047 895 3073 ne
933 3036 1186 3083 praedicationis
1227 3035 1353 3072 Zelum
1375 3037 1623 3081 distraherent,
1653 3048 1711 3083 per
1737 3036 1846 3071 Breve
1873 3033 2027 3080 superius
2048 3033 2091 3067 ab
2127 3032 2170 3068 iis
2206 3032 2286 3068 exi-

157 3090 205 3126 mi
245 3089 343 3135 petiit
361 3100 372 3121 :
396 3086 508 3132 gratini
538 3085 601 3122 diu
640 3087 796 3134 gaudere
831 3097 905 3123 non
942 3085 1086 3134 potuit,
1107 3097 1187 3122 cum
1221 3097 1315 3124 mors
1353 3086 1454 3124 illum
1485 3087 1520 3124 &
1556 3089 1577 3123 ὲ
1606 3085 1746 3125 miseriis
1769 3083 1850 3122 vitae
1881 3084 2034 3120 humanae
2055 3091 2146 3117 anno
2177 3079 2285 3129 1640.

158 3139 325 3175 exemerit
341 3162 352 3174 .

307 3235 363 3275 Ex
386 3232 473 3276 «ΞΜ.
496 3233 538 3275 S.
563 3232 762 3275 Provincia
778 3261 788 3272 .

2133 3815 2215 3857 Pro
