2664 4114
930 259 1613 377 meffanensts.

969 449 1190 513 ΝΟ

2102 267 2256 376 183

1281 453 1341 516 T
1431 454 1536 519 A.

207 594 288 687 C
298 598 475 647 oquinm
487 600 688 640 conventus
698 597 797 646 aquis
808 596 955 645 undique
967 597 1095 656 septam
1107 599 1150 637 ad
1164 599 1277 637 locum
1291 601 1581 652 opportuniorem
1598 599 1771 640 transferri
1781 625 1796 649 ,
1819 600 1991 650 cellasque
2016 598 2126 640 eidem
2135 601 2297 652 superim-

313 650 396 698 poni
406 649 547 700 petitum
560 674 574 698 ,
595 648 809 688 &indultum
822 646 870 683 est
883 670 897 692 ,
912 658 951 683 ut
964 645 1139 696 sequitur:

1132 745 1366 814 Mefflnen.

303 867 501 907 Conventus
510 864 759 911 capuanorum
769 865 869 903 habet
883 864 1072 913 Coquinam
1083 865 1180 912 aquis
1194 865 1345 913 undique
1357 865 1603 902 circumdatam
1617 867 1629 908 ζ
1651 864 1695 908 ὠ·
1708 866 1912 908 humentem,
1919 874 1965 920 ’ac
1977 873 2019 900 ex
2041 865 2149 923 alitam
2164 867 2296 917 ingres-

196 916 260 968 ficu·
268 914 490 954 Saecularium
504 938 518 959 ,
538 914 598 962 qui
610 914 804 951 indecenter
817 915 1047 963 ingredientes
1056 913 1223 952 multoties
1238 913 1335 950 Ollas
1348 914 1535 951 revolvunt
1548 936 1560 956 ,
1581 914 1625 956 ὠ·
1646 913 1849 961 quandoque
1880 912 1950 947 aba
1979 923 2001 946 a
2046 912 2141 950 allius
2163 916 2297 972 usum-2

203 963 412 1002 accomodata
418 962 590 1011 furantur
601 985 615 1006 ,
638 964 696 999 cui
705 961 789 998 malo
799 974 976 1000 occurrere
982 963 1144 1009 satagens
1167 963 1207 1000 P.
1224 962 1365 1000 Hilario
1391 962 1592 1000 Conventus
1622 963 1850 1000 Guardianus
1864 982 1878 1003 ‚
1897 962 2084 1016 procurata
2112 961 2295 1014 neceffarad

201 1011 398 1061 eleemosyna
404 1010 529 1062 statuit
539 1009 683 1048 eamdem
701 1011 888 1060 Coquinam
903 1013 941 1047 in
943 1010 1012 1060 sttu
1025 1012 1219 1054 remotiori,
1232 1012 1274 1052 &⁴
1287 1012 1455 1048 viciniori
1467 1010 1561 1045 PF.
1570 1009 1737 1048 Tra'clinio
1755 1007 1957 1066 construere,
1969 1007 2075 1044 eadem
2082 1008 2295 1060 superimpo-

203 1061 312 1098 nenda
323 1060 476 1108 diversas
486 1058 634 1098 Cellulas
639 1068 701 1108 pro
712 1060 897 1097 eorumdem
908 1059 1137 1097 commoditate
1151 1085 1163 1104 ,
1188 1061 1249 1107 qui
1259 1060 1463 1108 quandoque
1488 1059 1529 1094 ob
1556 1059 1756 1098 Conventus
1782 1055 1969 1106 angustiam
1998 1065 2119 1092 contra
2136 1059 2230 1105 fiirm
2237 1070 2293 1116 am

204 1107 489 1159 (institutionum
503 1116 670 1156 coguntur
682 1119 819 1147 numero
829 1108 972 1144 duorum
981 1133 990 1148 ,
1013 1107 1055 1147 ὠ·
1065 1109 1173 1143 trium
1184 1109 1222 1142 in
1232 1108 1343 1144 eodem
1352 1106 1506 1145 cubiculo
1518 1107 1645 1144 cubare
1660 1132 1674 1151 ‚
1700 1108 1744 1149 &⁶
1757 1106 1802 1143 ad
1819 1105 1909 1163 ‘lun'
1925 1102 2070 1153 effiffum
2095 1114 2292 1162 reportavit

203 1154 415 1208 neceffliriam
425 1156 597 1194 licentiam
610 1155 711 1205 cisuis
723 1156 964 1204 Superioribus
981 1153 1211 1200 Regularibus
1228 1184 1235 1192 .
1263 1155 1399 1193 Time-ns
1419 1166 1532 1193 tamen
1557 1164 1638 1203 opus
1659 1155 1733 1205 jam
1759 1152 1961 1203 destinatum
1984 1162 2154 1190 remorari
2171 1153 2257 1205 poffe
2269 1155 2294 1191 ὸ

193 1205 273 1254 suis
285 1204 458 1242 malevolis
470 1229 484 1248 ,
496 1203 668 1252 supplicat
673 1212 736 1252 pro
746 1202 994 1250 corfirmatione
1004 1201 1096 1239 ditiae
1105 1202 1249 1240 licentia
1258 1205 1301 1242 ab
1316 1206 1492 1242 enarratis
1498 1204 1577 1252 suis
1590 1204 1837 1253 Superioribus
1851 1202 1992 1240 obtentae
2007 1225 2017 1236 .

296 1253 366 1290 Die
383 1262 433 1297 ¹4·
450 1251 559 1301 Junit
577 1261 674 1297 ¹704.
699 1253 809 1289 Sacra
834 1251 1058 1298 Congregatio
1085 1252 1231 1288 Cant-ilii
1256 1278 1267 1295 ‚

1306 1253 1351 1289 ad
1386 1265 1487 1304 quam
1519 1251 1745 1302 Santiaeffimus
1773 1251 1953 1288 ‘Dominus
1967 1246 2107 1306 Noster·
2108 1248 2293 1299 supplicem

199 1300 291 1337 bunc
301 1298 450 1338 libellum
463 1300 588 1349 remisit
601 1324 614 1344 ‚
638 1309 772 1337 attenta
787 1299 952 1338 relatione
969 1299 1221 1347 Archiepiscopi
1234 1299 1418 1352 Meffanen,
1430 1328 1444 1348 ‚
1468 1301 1613 1349 benign&
1629 1302 1783 1351 commisit
1794 1299 1929 1358 eidem‚·
1944 1307 2005 1342 ut,
2029 1310 2124 1335 veris
2153 1298 2295 1360 existen:

201 1348 296 1385 tibus
307 1350 460 1386 narratis
474 1370 488 1390 ‚
512 1346 681 1397 postquam
690 1350 887 1397 compererit
897 1349 935 1383 in
946 1349 1136 1385 evidentem
1153 1350 1351 1387 Conventus
1366 1353 1555 1389 utilitatem
1562 1350 1640 1397 fore
1651 1348 1811 1402 cessuram
1825 1372 1837 1393 ‚
1855 1345 2211 1406 petitamfacultatem
2222 1346 2291 1384 alto

202 1396 432 1447 transferendi
447 1396 655 1445 Coquinam,
666 1396 710 1439 ὠ
718 1408 824 1435 novas
839 1395 987 1436 Cellulas
999 1396 1190 1447 aedificandi
1198 1408 1260 1447 pro
1261 1398 1325 1447 suo
1337 1399 1544 1444 arbitrio‚&·
1553 1398 2042 1450 confiientiapratortgratts
2054 1403 2290 1445 impertiatur.

1033 1496 1089 1547 B.
1115 1497 1352 1548 cardinalis
1381 1500 1643 1552 Panciaticus
1677 1495 1899 1565 Praefec‘lus
1913 1530 1928 1545 .

295 1612 350 1651 Ex
362 1610 570 1664 Regestoseu
585 1614 671 1653 libro
686 1623 742 1663 54.
755 1614 836 1652 Sac.
853 1614 1021 1663 Congreg.
1030 1616 1263 1667 praedifiaefol.
1274 1609 1353 1667 247.

195 1837 523 1891 Monastetium
559 1838 788 1910 suppreffae
822 1845 1207 1912 Congregationis

261 1911 351 1956 FF.
367 1912 604 1960 Minorum
630 1914 1016 1962 Conventualium
1046 1912 1208 1963 Refor-

259 1991 491 2028 matorum
527 1981 638 2030 Loci
667 1984 830 2030 Roccae
865 1983 1092 2033 Fratribus
1128 2003 1207 2033 no·

258 2045 357 2096 stris
385 2066 490 2099 cum
515 2050 727 2100 omnibus
750 2052 927 2114 juribus
943 2052 1034 2105 ἃς.
1063 2052 1206 2103 confi·-

256 2120 387 2186 gnari
410 2121 595 2171 mandat
610 2157 625 2170 .

236 2245 275 2286 A
297 2251 417 2299 tergo
435 2258 448 2283 =
482 2247 694 2291 Venerabili
719 2252 862 2292 Fratri
888 2249 1175 2309 Archtepistopo

576 2305 808 2363 Meffi'mcnfi
817 2335 829 2347 .

242 2388 662 2477 U'RBANUS
713 2426 923 2475 PAPA
971 2429 1165 2477 v111.

228 2537 460 2582 Venerabilis
487 2541 633 2583 Frater
658 2539 830 2598 fiiluttm
865 2545 918 2593 ὠ·
935 2544 1186 2602 Apostoltcam

339 2607 343 2611 ·
536 2599 838 2642 Rem-difflantur
854 2626 866 2642 .

314 2711 408 2756 ῑίὲς
421 2713 593 2758 sel-rec.
627 2715 740 2759 Sixto
767 2721 883 2773 Papae
898 2720 949 2760 V.
984 2719 1211 2763 Praedecess

189 2715 299 2827 A
342 2770 420 2813 sori
432 2773 576 2815 Nostro
598 2787 670 2828 pro
696 2788 810 2830 parte
829 2776 1071 2822 dilectorum
1090 2779 1210 2821 Filio-

191 2843 279 2870 rum
295 2831 479 2871 fratrum
494 2832 694 2874 Minorum
706 2835 1048 2878 Conventualium
1062 2837 1209 2879 Refor-

190 2893 392 2930 matoruni
415 2892 456 2931 S.
473 2890 668 2932 Francisci
685 2895 862 2946 exposito
875 2919 902 2941 ‚¹
917 2893 1023 2948 quod
1047 2895 1112 2948 ips»
1128 2893 1207 2935 stri=

191 2947 358 2987 Ctiorem
383 2944 503 2989 vitam
531 2961 678 3003 agere,
705 2951 744 2990 &
772 2954 808 2995 se
831 2949 1054 2995 reformare
1072 2966 1209 3006 coepe-

193 3013 313 3050 rant,
340 3004 573 3062 aliquosque
587 3010 830 3051 Conventus
854 3011 1139 3064 acquisierant,
1169 3013 1209 3052 δι

193 3061 233 3101 in
257 3061 302 3101 iis
328 3061 394 3104 sub
422 3065 653 3107 obedientia
670 3068 941 3120 Protec‘toris,
964 3071 1002 3110 &
1019 3070 1209 3122 Superio-

194 3131 282 3159 rum
296 3119 455 3162 Ordinis
476 3122 694 3179 hujusmodi
725 3126 935 3178 vivebant,
950 3127 1056 3169 idem
1078 3127 1209 3169 Sixtus

195 3176 464 3220 Praedeceffor
488 3209 503 3230 ,
536 3195 586 3223 ne
616 3180 715 3236 ipsos
741 3186 900 3227 Fratres
928 3184 1210 3236 Reformatos,

195 3247 419 3290 eorumque
445 3239 815 3294 Congregationem
848 3242 962 3297 super
994 3243 1210 3286 Reforma-

195 3293 309 3334 tione
335 3292 552 3345 hujusmodi
582 3297 795 3352 inquietari
815 3302 1090 3356 contingeret,
1122 3302 1208 3357 sup·

194 3350 478 3406 plicationibus
493 3354 727 3397 eorumdem
745 3359 931 3399 Fratrum
951 3359 1209 3402 Reformato-

194 3423 282 3450 rum
298 3411 460 3452 nomine
479 3410 546 3453 fibi
564 3414 767 3456 humiliter
778 3418 1205 3471 porrestisinclinatus,

197 3466 548 3512 Reformationem
584 3471 807 3526 praedidtam
843 3474 990 3531 ubique
1023 3476 1205 3520 locorum

192 3533 384 3581 caeptam,
409 3529 449 3569 δι
470 3528 764 3582 introductam,
792 3534 832 3574 δε
855 3546 906 3575 ex
932 3545 1028 3577 tunc
1054 3538 1093 3577 in
1117 3537 1205 3579 dies

193 3583 556 3639 introducendam,
582 3603 626 3632 ac
650 3603 723 3646 pro
737 3605 808 3642 ea,
836 3593 872 3632 Sc
900 3591 1004 3635 illius
1019 3591 1127 3637 felici
1144 3594 1206 3636 di-

193 3641 374 3686 rectione
387 3642 484 3686 faeta
502 3645 644 3690 statuta
658 3677 672 3700 ‚
702 3650 741 3690 δι
754 3650 1025 3694 ordinationes
1039 3667 1128 3694 cum
1144 3653 1205 3694 in-

193 3697 246 3742 de
270 3699 411 3743 secutis
431 3704 746 3762 quibuscumque
768 3709 999 3765 Apostolica
1025 3712 1205 3753 Auctori-

192 3766 280 3799 tate
308 3764 508 3815 perpetuo
540 3766 774 3820 approbavit
801 3796 817 3817 ‚
846 3769 883 3810 &
916 3767 1167 3812 confirmavit
1192 3782 1203 3810 :

191 3816 396 3862 noviffime
413 3830 546 3864 autem
557 3837 632 3879 per
646 3827 730 3869 Nos
744 3837 912 3884 accepto
921 3855 934 3879 ,
950 3841 999 3870 ex
1017 3831 1106 3871 Con
1113 3841 1205 3883 gre·⁴

1810 1741 2157 1760 ———n
2175 1739 2291 1754 ,-

1268 1844 1431 1901 gatione
1452 1847 1635 1888 Fratrum
1658 1838 2005 1889 Conventualium
2031 1833 2295 1901 Ref⁰fm⁸.“.'·

1267 1918 1353 1945 rum
1379 1902 1600 1954 hujusmodi
1623 1918 1700 1948 non
1726 1916 1794 1946 eos
1816 1903 1857 1944 in
1882 1898 2064 1942 Ecclesia
2079 1897 2157 1937 Dei
2181 1893 2295 1958 spiri-

1265 1963 1397 2003 tuales
1426 1961 1574 2006 fructus
1602 1993 1617 2014 ,
1647 1963 1716 2019 qui
1753 1961 2043 2017 sperabantur,
2075 1947 2295 2009 prodiisse,

1265 2019 1332 2062 sed
1378 2020 1513 2076 plures
1557 2020 1806 2065 differentias
1851 2019 1960 2060 inter
2001 2011 2165 2057 eosdem
2194 2010 2295 2050 Fra-

1266 2089 1350 2121 tres
1382 2080 1644 2124 Reformatos
1674 2107 1690 2131 ‚
1719 2080 1759 2120 δε
1789 2080 1956 2120 Fratres
1991 2065 2297 2139 Conventuales

1266 2152 1347 2181 non
1367 2137 1628 2184 Reformatos
1643 2147 1755 2182 ortas
1771 2134 1850 2179 effe
1864 2163 1878 2186 ,
1899 2136 2107 2202 &pariter
2124 2138 2264 2182 vigere
2281 2152 2298 2176 ,

1271 2201 1359 2241 Nos
1388 2198 1587 2251 praemiffis
1617 2198 1812 2247 obviare,
1842 2207 1888 2235 ac
1913 2191 2010 2235 alias
2035 2186 2210 2241 desuper
2224 2197 2298 2248 op-

1271 2256 1444 2311 portune
1473 2257 1689 2310 providere
1715 2254 1904 2299 volentes
1922 2278 1936 2302 ‚
1962 2251 2078 2312 Motu
2104 2255 2298 2309 proprio,

1271 2317 1309 2356 &
1337 2327 1389 2354 ex
1406 2325 1518 2356 certa
1536 2313 1700 2356 scientia
1716 2342 1730 2363 ,
1757 2327 1803 2355 ac
1823 2318 1980 2352 matura
1995 2305 2297 2372 deliberatione

1273 2373 1441 2423 nostris,
1474 2372 1607 2428 deque
1623 2372 1856 2427 Apostolicae
1881 2364 2089 2430 potestatis
2116 2360 2297 2426 plenitu-

1273 2431 1369 2472 dine
1394 2445 1443 2472 ex
1460 2432 1683 2483 praemiffis,
1709 2423 1998 2483 aliisquejustis
2023 2417 2298 2483 &rationabi-

1273 2489 1376 2531 libus
1410 2489 1533 2529 causis
1573 2490 1751 2530 animum
1793 2485 1965 2527 nostrum
2008 2476 2264 2542 moventibus
2280 2499 2296 2522 ,

1273 2548 1645 2601 Congregationem
1662 2549 1844 2589 Fratrum
1861 2534 2203 2606 conventualium
2217 2534 2295 2574 Re.

1271 2606 1539 2647 formatorum
1554 2603 1805 2659 hujusmodi,
1836 2611 1968 2643 omnia
1982 2597 2021 2637 &
2035 2603 2294 2650 quaecumque

1270 2663 1379 2706 illius
1395 2662 1524 2705 officia
1536 2693 1550 2715 ‚
1581 2666 1621 2706 δι
1636 2660 1851 2706 ministeria
1869 2685 1884 2707 2
1913 2668 2071 2720 necnon
2086 2654 2239 2717 Domus
2255 2649 2295 2689 &

1270 2722 1356 2764 loca
1388 2722 1607 2778 Regularia
1632 2731 1888 2778 quaecumque
1905 2742 1920 2763 2
1951 2716 1992 2756 δι
2021 2726 2063 2755 in
2088 2709 2293 2774 quibusvis

1271 2782 1495 2824 Provinciis
1521 2781 1729 2823 existentia
1751 2805 1765 2828 ‚
1805 2779 1845 2818 &
1877 2774 1927 2816 ad
1952 2785 2022 2816 eos
2049 2769 2261 2826 spectantia
2277 2793 2293 2816 ,

1268 2854 1312 2882 ac
1331 2839 1472 2881 statuta
1486 2869 1500 2890 ,
1516 2841 1556 2880 &
1574 2835 1883 2881 consuetudines
1896 2861 1910 2885 ,
1928 2834 1964 2873 &
1981 2831 2149 2897 decreta
2163 2854 2177 2877 ‚
2194 2838 2293 2897 nec-

1268 2910 1347 2938 non
1365 2897 1572 2951 privilegia
1587 2925 1600 2947 ,
1615 2892 1827 2938 &indulta
1845 2902 1926 2933 tam
1942 2885 2126 2945 specialia
2140 2914 2156 2934 ,
2169 2896 2290 2949 quarn

1268 2955 1471 3009 generalia
1498 2957 1697 3008 perpetuo
1720 2949 1995 3008 suppressimus
2010 2974 2024 2996 ‚
2055 2946 2093 2985 &
2115 2951 2290 3006 extinxi-

1268 3027 1352 3053 mus
1366 3042 1380 3063 ‚
1412 3026 1459 3054 ac
1475 3013 1523 3053 ab
1544 3013 1695 3055 eisdem
1714 3008 1920 3053 Fratribus
1941 2998 2288 3050 Conventualibus

1269 3070 1517 3113 Reformatis
1537 3074 1687 3114 Domos
1705 3099 1718 3121 ,
1740 3072 1978 3111 Conventus
1992 3091 2008 3113 ,
2040 3062 2079 3102 δι
2096 3058 2184 3099 loca
2201 3084 2216 3107 s
2243 3069 2288 3122 ²3⁶

1269 3131 1373 3171 bona
1397 3129 1587 3180 mobilia,
1614 3131 1654 3170 δε
1682 3125 1904 3168 immobilia
1920 3149 1935 3171 ,
1965 3123 2002 3162 &
2021 3117 2063 3173 se
2081 3122 2288 3157 moventia.

1270 3188 1416 3242 ubique
1446 3189 1624 3241 gentium
1641 3185 1852 3227 constituta
1868 3210 1882 3231 ‚
1912 3179 2061 3220 {acram
2087 3186 2286 3229 quoquea

1267 3247 1303 3286 &
1320 3259 1573 3287 communem
1588 3240 1921 3299 suppellectilem,
1935 3234 2185 3301 ipsorumque
2196 3244 2285 3273 om—

1268 3304 1376 3345 nium
1406 3302 1511 3344 usum
1528 3332 1542 3354 ,
1570 3302 1810 3345 usufructum
1825 3324 1838 3347 2
1872 3292 2253 3339 administrationem
2269 3315 2284 3338 ,

1267 3363 1307 3402 &
1328 3359 1594 3416 possessionem
1619 3358 1892 3414 spiritualem,
1918 3355 1958 3395 &
1982 3346 2283 3413 temporalem,

1269 3433 1423 3462 necnon
1461 3418 1519 3472 jus
1541 3448 1555 3471 ,
1596 3421 1636 3461 &
1663 3418 1857 3460 astionem
1885 3413 1941 3454 eis
1972 3405 2283 3465 quomodolibet

1265 3478 1541 3528 competentia
1571 3476 1802 3519 abstulimus
1824 3502 1839 3524 ‚
1869 3473 1907 3514 &
1932 3468 2066 3513 ablata
2093 3464 2171 3509 effe
2196 3492 2211 3515 ,
2241 3465 2282 3505 &

1266 3534 1419 3577 censeri
1435 3534 1633 3578 voluimus
1651 3548 1664 3585 3
1698 3537 1868 3576 Necnon
1886 3532 2035 3571 nomos
2049 3553 2062 3575 2
2086 3530 2281 3588 Conven-

1265 3603 1329 3635 tus
1344 3622 1358 3644 5
1372 3594 1462 3635 ¹0⁶2
1479 3620 1492 3642 a
1517 3591 1833 3649 suppellectilem
1849 3620 1864 3642 ‚
1885 3588 1989 3630 bona
2005 3614 2020 3638 ,
2040 3598 2104 3628 res
2119 3612 2133 3635 ,
2154 3584 2280 3648 aetio-

1264 3665 1365 3702 ness
1393 3652 1432 3691 ὃ(
1453 3650 1538 3702 iura
1566 3651 1748 3704 praediEta
1764 3679 1779 3702 ,
1809 3658 2028 3703 eorumque
2051 3648 2282 3704 proprie-taff

1263 3720 1349 3751 tem
1377 3709 1520 3750 Ordini
1554 3712 1738 3751 Fratrum
1765 3709 1967 3752 Minorum
2008 3703 2049 3744 S.
2078 3693 2279 3768 Francisci

1265 3767 1610 3811 Conventualium
1640 3776 1962 3822 nuncupatorum
1985 3768 2107 3804 certis
2130 3753 2277 3803 modo,

1265 3827 1305 3868 δι
1330 3824 1457 3868 forma
1481 3834 1576 3869 tunc
1604 3825 1790 3883 expressis
1817 3820 2103 3868 conceffimu82
2123 3809 2277 3925 gremiffi·
