2716 4082
723 281 1776 384 'EzENCHvs;

221 400 340 449 rium
371 395 546 446 iturum
566 432 582 456 ,
618 396 885 465 Apostolica
908 399 1085 448 licentia
1105 415 1228 449 corn-

219 469 407 518 munit.
445 466 647 519 Urbanus
672 465 826 517 VIII.¹
1133 485 1229 529 147

217 559 221 565 ·
291 541 367 586 Fr.
388 536 631 592 Urbanum
658 536 683 585 a
712 536 880 585 Politio
898 571 913 594 ,
940 536 997 587 ad
1015 540 1232 607 Joannet-

222 609 372 657 tinum
390 609 532 658 Card.
556 607 711 658 Auriae
736 608 916 675 ablegat
934 642 949 663 ‚
976 607 1024 659 ἃ
1042 611 1086 658 in
1107 627 1230 659 com-

222 677 353 727 misto
382 681 568 747 negotio
599 675 788 726 libenter
829 676 975 727 audiri
1003 696 1232 728 commen·

219 749 330 810 dat.
367 750 475 797 idem
507 765 592 796 cum
605 761 719 794 nota.
1140 751 1234 810 148

294 823 384 870 Pro
398 836 514 868 nova
529 822 684 867 Domo
702 818 856 866 Terrae
877 819 1054 867 Alcami
1070 816 1205 866 fitum
1220 853 1238 876 ,

226 908 281 938 ex
317 907 402 939 aere
453 886 626 938 venditi
674 882 782 936 fitfis
821 889 1013 954 antiquae
1058 882 1237 938 Domus

217 961 314 1008 'emi
343 957 578 1026 indulget.
620 955 750 1006 Idem.
1107 961 1109 963 ’
1140 975 1237 1020 149

293 1031 341 1078 S.
357 1028 619 1093 Reliquias,
643 1041 722 1077 aut
748 1025 985 1095 praesentes
1020 1041 1101 1077 aut
1115 1025 1229 1076 futu·

215 1109 295 1149 'ras
310 1133 325 1155 ,
339 1116 391 1146 ex
418 1096 616 1147 Ecclesia
645 1098 913 1149 Conventus
930 1098 1238 1148 Panormitani

225 1168 431 1225 extrahi,
455 1182 534 1216 aut
557 1166 650 1215 alio
677 1165 895 1233 asportari
911 1190 938 1223 ,>
963 1169 1037 1216 vel
1066 1185 1137 1215 eas
1165 1184 1238 1216 ex—

225 1239 343 1288 trahi
372 1250 451 1284 aut
470 1234 689 1303 asportari
715 1239 1007 1301 permittere,
1039 1234 1118 1285 sub
1139 1253 1239 1285 cen·

224 1307 337 1357 suris
365 1304 413 1356 ὅ(
431 1307 576 1371 poenis
603 1306 836 1372 prohibet.
871 1303 1240 1356 Idem.cumn.ibi

292 1374 503 1428 AEdificia
533 1375 712 1424 Domfis
744 1375 792 1427 δι
829 1375 1098 1427 lnfirmariae
1128 1378 1240 1427 anti·

226 1466 324 1516 quae
347 1448 391 1495 in
416 1447 521 1494 loco
536 1447 846 1496 Thermarum
864 1449 1209 1498 Himerantium
1221 1458 1238 1507 ‚'

225 1518 303 1568 seu
322 1516 511 1568 Termini
530 1517 664 1566 vendi
683 1552 698 1575 ,
735 1516 782 1570 ὅ(
801 1536 859 1567 aes
878 1520 978 1567 exin
1003 1518 1236 1568 redactum

226 1587 283 1639 ad
297 1603 409 1655 opus
436 1604 566 1636 novae
586 1584 763 1639 fabricae
779 1590 1023 1657 applicari,
1035 1589 1240 1654 Syndico

229 1658 436 1728 indulget
448 1694 460 1706 .
499 1656 614 1706 Idem
630 1693 643 1706 .
1144 1678 1163 1707 1
1175 1675 1235 1719 52

299 1732 370 1778 Ex
394 1745 476 1776 aere
501 1730 692 1794 antiquae
727 1727 904 1778 Domus
932 1730 1040 1776 Loci
1077 1727 1237 1796 Burgii

229 1815 397 1850 novam
429 1797 623 1847 construi
645 1800 864 1847 concedit
880 1833 892 1845 .
932 1794 1061 1846 Idem.
1141 1815 1232 1859 153

298 1868 450 1918 Etiam
485 1866 829 1915 demolitionem
865 1867 1071 1917 Ecclefiae
1107 1867 1237 1917 dietae

227 1935 402 1990 Domr‘is
449 1938 618 1985 veteris
667 1936 755 1985 loci
806 1938 1116 1988 Thermarum
1160 1935 1238 1986 seu

228 2009 422 2060 Termini
435 2042 452 2065 ,
470 2004 520 2068 <St
535 2021 868 2056 coementorum
886 2006 1016 2057 usum
1034 2026 1117 2077 pro
1138 2025 1241 2076 ope-

224 2097 277 2129 re
295 2076 470 2127 fabricae
489 2093 616 2126 novae
635 2077 854 2128 ratihabet
869 2114 881 2127 .
915 2077 1046 2128 Idem.
1181 2077 1244 2127 ibi

232 2165 237 2168 ’
300 2145 548 2198 Ecclefiam
568 2149 762 2214 antiquae
778 2147 951 2198 Domus
964 2150 1074 2198 Loci
1090 2149 1243 2198 Politii

230 2217 399 2269 offibus
445 2232 737 2268 mortuorum
787 2217 837 2273 ὅ(
882 2217 1115 2289 superficie
1155 2233 1241 2268 ter·-

230 2309 288 2339 rae
316 2287 440 2355 priris
476 2290 702 2337 translatis
728 2323 745 2347 ,
771 2289 829 2338 ad
857 2291 1112 2358 prophanos
1139 2287 1241 2338 usus

229 2358 417 2415 reduci,
443 2356 490 2408 ὅ(
508 2371 847 2408 coementorum
874 2362 1071 2427 pretium
1099 2361 1144 2408 in
1171 2358 1242 2408 be-

230 2427 441 2480 neficium
462 2445 611 2482 ,novae
652 2425 831 2479 fabricae
872 2430 1107 2498 impendi,
1141 2431 1242 2497 Epi-

230 2499 367 2566 scopo
384 2499 474 2547 loci
490 2498 756 2548 committit.
777 2498 887 2549 Idem
904 2520 990 2549 cum
1006 2515 1119 2550 nota.
1147 2519 1165 2548 1
1178 2517 1240 2562 54

300 2567 526 2635 Qaedam
555 2583 682 2619 terrae
709 2572 828 2636 petia
858 2572 967 2620 alias
993 2588 1076 2637 pro
1104 2567 1240 2618 fabri-

233 2658 289 2689 ca
315 2637 494 2690 Domus
508 2639 661 2688 Terrae
681 2641 866 2689 Alcami
893 2657 1045 2707 empta
1074 2638 1240 2697 vendi,

234 2725 485 2775 eorumque
508 2710 704 2775 pretium
730 2712 773 2757 in
796 2712 904 2760 alias
932 2709 1128 2773 ejusdem
1148 2714 1242 2758 Do-

235 2779 337 2830 mfis
352 2777 629 2828 neceffitates
643 2782 875 2838 converti,
900 2779 1107 2846 Syndico
1121 2797 1242 2827 com-

235 2850 381 2899 mittit
397 2883 410 2897 .
448 2846 563 2897 Idem
580 2885 592 2896 .
1150 2868 1166 2898 ι
1179 2866 1240 2910 55

237 2920 424 2968 Vitulos
453 2919 500 2967 in
518 2916 833 2968 Conventibus
858 2920 1134 2975 Provinciae,
1152 2934 1241 2965 non

237 2989 437 3039 obstante
454 2987 758 3056 prohibitione
776 2989 884 3036 alias
902 2986 1018 3037 fasta
1029 3024 1045 3047 ‚
1080 2987 1243 3038 macta-

238 3062 277 3109 ri
301 3057 421 3128 posse
449 3057 672 3107 concedit.
709 3057 839 3107 Idem.
1183 3056 1246 3105 ibi

307 3133 496 3179 Novam
527 3133 735 3179 Domum
772 3130 817 3178 in
856 3133 981 3179 Loco
1004 3128 1243 3179 Corleonis

239 3198 437 3249 construi
452 3199 686 3248 concedit.
717 3197 846 3248 Idem.
862 3219 950 3249 cum
962 3215 1072 3248 nota.
1149 3204 1245 3258 156

310 3273 381 3318 Ex
398 3267 594 3318 Ecclesia
610 3269 789 3318 Domt‘is
805 3287 929 3320 novae
946 3269 1146 3336 Drepani
1168 3271 1245 3316 Sa-

236 3357 337 3390 cras
357 3339 587 3405 Reliquias
602 3339 779 3388 extrahi
798 3353 939 3390 vetat.
958 3338 1164 3388 Innocent.
1179 3335 1247 3387 X.

239 3429 328 3459 cum
346 3425 443 3458 nota
461 3443 473 3456 .
516 3442 518 3445 s
1153 3425 1172 3457 1
1185 3423 1208 3468 5
1219 3425 1246 3466 7

239 3502 244 3506 ·
311 3484 541 3530 Praecavet
563 3476 681 3525 idem
705 3478 826 3527 circ-a
852 3477 1080 3542 Reliquias
1097 3479 1251 3526 Eccle-

243 3549 312 3600 fiae
339 3546 520 3599 Domfis
539 3546 715 3616 Oppidi
741 3546 1090 3598 Castriveterani
1107 3582 1119 3595 .
1158 3546 1252 3595 Cle-

240 3639 353 3669 ‘mens
368 3618 463 3670 IX.
491 3636 577 3666 cum
594 3633 704 3666 nota.
1156 3635 1175 3663 1
1188 3618 1249 3676 58

314 3685 593 3740 Electionem
623 3684 893 3754 Fr.J0sephi
922 3686 976 3734 ab
996 3688 1076 3733 Ica
1104 3686 1146 3733 in
1162 3686 1252 3733 Mi-

241 3757 433 3807 nistrum
467 3760 803 3808 Provincialem
838 3755 1079 3804 confirmat
1105 3790 1120 3811 ‚
1159 3772 1247 3802 non

235 3828 435 3879 obstante
451 3863 466 3886 ,
499 3829 624 3893 quod
642 3829 685 3876 in
702 3843 892 3876 numero
918 3844 992 3889 14.
1007 3828 1246 3882 Fratrum,

355 3900 456 3942 Tom.
473 3900 546 3939 ΙΙΙ.

2116 300 2227 387 xli

1288 405 1346 453 ad
1363 405 1565 456 officium
1585 410 1936 462 Prov-incialatds
1951 413 2011 464 ab
2023 414 2291 466 Emmentis·

1290 472 1403 525 fimo
1431 478 1673 530 Cardinale
1694 484 1948 533 Protestore
1965 520 1980 542 ,
2019 486 2066 536 ὅ(
2093 490 2141 536 Ρ.
2158 487 2296 535 Mini-

1290 543 1379 593 stro
1407 549 1619 596 Generali
1636 585 1651 606 ,
1690 555 1838 617 Papali
1857 552 2071 604 consensu
2090 557 2295 606 nomina-

1291 628 1444 664 torum
1468 651 1485 672 ,
1514 633 1604 664 non
1640 618 1745 668 effet
1766 622 2152 691 comprehensus-¹.
2202 625 2297 673 Ge·

1293 702 1403 730 mens
1414 683 1484 732 X.
1559 715 1579 723 υ
2199 711 2297 755 159

1368 755 1563 829 Decreto
1602 758 1649 803 8.
1677 760 1830 826 Cong.
1867 762 2013 827 Episc.
2052 763 2100 815 ἃ
2127 764 2299 832 Regul.

1298 819 1479 869 Erecho
1497 838 1623 871 novae
1645 825 1822 876 Domus
1848 829 1890 876 in
1910 833 2039 879 Loco.
2054 838 2296 901 Aragoniae

1295 890 1351 939 ad
1381 889 1607 940 instantias
1642 896 1856 962 Principis
1901 898 2068 949 ibidem
2090 902 2298 950 concedi-

1296 974 1401 1009 tur·
2201 981 2297 1019 160

1366 1034 1564 1080 Decreto
1590 1033 1883 1102 S-Congreg.
1907 1034 2107 1101 Episc.&
2131 1041 2296 1108 Regul-

1297 1102 1446 1150 Siturn
1468 1100 1526 1149 ad
1545 1102 1815 1166 Capitulum
1837 1106 2185 1172 Agrigentinum
2207 1126 2300 1174 per-

1298 1171 1514 1221 tinentem
1544 1171 1778 1230 Fratribus
1804 1174 2108 1232 concedendi,
2136 1177 2300 1242 hosque

1298 1247 1408 1289 cum
1429 1243 1475 1289 8.
1495 1242 1701 1308 Imagine
1720 1245 2019 1292 Bonamoren.
2045 1244 2102 1293 ad
2127 1262 2302 1295 novum

1299 1313 1599 1360 Conventum
1625 1345 1642 1368 ,
1684 1314 1838 1362 Cruce
1876 1314 1920 1361 in
1958 1316 2063 1363 loco
2093 1314 2301 1364 Ecclesiae

1299 1382 1461 1448 prioris
1489 1378 1732 1448 profanatae
1759 1382 1935 1441 credid,
1961 1385 2009 1433 ὅτ
2041 1387 2303 1433 conventio-

1296 1468 1351 1499 ne
1369 1451 1515 1518 quoad
1560 1468 1723 1516 aquam
1752 1452 1780 1499 ὲ
1807 1455 1990 1502 Comite
2027 1453 2082 1501 de
2111 1451 2300 1503 Comiso

1298 1519 1546 1569 conceffam
1573 1519 1744 1569 servata
1767 1520 2091 1579 transferendi,
2122 1522 2303 1590 Episco-

1298 1607 1359 1657 po
1380 1590 1690 1656 Agrigentino
1722 1588 1911 1638 facultas
1938 1591 2070 1639 datur
2088 1625 2101 1638 .
2239 1590 2304 1640 ibi

1305 1695 1307 1697 -
1372 1662 1570 1707 Decreto
1602 1662 1650 1707 8.
1673 1663 1917 1727 Congoeg.
1952 1659 2100 1726 Episc.
2133 1660 2181 1712 ὃς
2210 1665 2300 1710 Re-

1297 1729 1396 1797 gul.
1427 1726 1697 1795 Hospitium
1741 1731 1887 1778 Planae
1918 1733 2188 1780 Graecorum
2219 1734 2304 1781 in..

1298 1805 1597 1849 Conventum
1631 1799 1855 1869 erigitur.
2208 1811 2298 1851 161

1324 1906 1326 1909 -
1363 1870 1563 1918 Decreto
1612 1871 1712 1917 Sac.
1748 1866 2034 1938 ‘Congregan
2069 1868 2214 1938 Epist.
2258 1870 2308 1923 <Sc

1298 1940 1471 2007 Regul.
1493 1936 1793 1988 infirmariam
1810 1943 2022 1988 Fratrum
2040 1956 2207 2008 magno
2227 1944 2306 1991 Ci-

1303 2011 1456 2058 vitatis
1483 2011 1808 2059 Panormitanae
1826 2007 2107 2059 Nosocomio
2132 2014 2305 2060 unitam

1306 2081 1422 2129 intra
1452 2076 1725 2130 Clausuram
1754 2079 2072 2146 comprehendi
2103 2078 2308 2129 declara-

1302 2163 1406 2201 tur.
2120 2189 2127 2194 .
2242 2151 2304 2199 ibi

1369 2225 1571 2271 Deci-eto
1595 2224 1694 2270 Sac.
1714 2223 1947 2289 Congreg.
1976 2218 2123 2288 Episc.
2149 2218 2198 2270 ὃς
2219 2224 2305 2269 Re·

1300 2293 1398 2361 gul.
1431 2291 1611 2340 Erectio
1634 2308 1765 2340 novae
1792 2287 1969 2339 Domfis
1997 2292 2039 2337 in
2068 2293 2190 2338 Loco
2218 2294 2306 2340 Ca-

1301 2363 1377 2412 stri
1398 2362 1706 2411 Thermarum
1735 2359 1998 2411 conceditur
2015 2394 2028 2407 .
2114 2399 2116 2403 s
2211 2369 2300 2408 162

1371 2436 1570 2481 Decreto
1616 2425 1719 2479 Sac.
1758 2434 2039 2496 Congregat.
2068 2424 2213 2494 Episc.
2253 2429 2304 2479 <Sc

1304 2503 1472 2569 Regul.
1502 2499 1684 2548 Erefflo
1720 2515 1845 2546 novae
1877 2495 2049 2547 Domfis
2085 2499 2136 2545 in
2176 2500 2300 2545 Loco

1302 2574 1350 2620 8.
1367 2568 1549 2620 Cataldi
1580 2570 1910 2617 committitur.
2239 2566 2302 2614 ibi

1354 2644 1567 2690 >Decreto
1587 2642 1688 2689 Sac.
1715 2641 1948 2706 Congreg.
1972 2634 2115 2703 Episc.
2136 2634 2184 2685 ὅ(
2211 2640 2301 2684 Re-

1301 2711 1398 2777 gul.
1445 2709 1521 2758 Ad
1559 2708 1781 2757 instantias
1825 2708 2040 2773 Principis
2076 2703 2299 2754 Francifci

1305 2777 1464 2827 Morso
1480 2778 1570 2829 &a
1600 2795 1766 2825 novam
1798 2781 1999 2826 Domum
2015 2778 2062 2825 in
2078 2782 2172 2838 ejus
2189 2780 2302 2824 Feu-

1303 2848 1363 2898 do
1407 2847 1455 2897 &
1493 2850 1595 2897 loco
1635 2845 1760 2896 Podii
1799 2848 1948 2894 Realis
1982 2845 2221 2902 construi,
2274 2844 2300 2891 ὲ

1304 2916 1535 2965 Fratribus
1575 2914 1882 2965 Confeffiones
1927 2914 1987 2962 ibi
2029 2915 2216 2980 excipi,
2251 2912 2301 2964 δι’

1304 2982 1568 3050 Principiffae
1604 2983 1694 3034 ἃς.
1740 2983 1981 3051 ingrestum
2034 2981 2301 3034 Conventus

1303 3055 1490 3105 concedi
1517 3053 1749 3103 statuitur.
2236 3050 2301 3097 ibi

1372 3122 1585 3175 Personas
1599 3160 1615 3182 ,
1640 3142 1734 3190 quae
1749 3140 1802 3171 ex
1825 3118 2018 3171 Ecclefia
2034 3124 2302 3177 Domuum,

1303 3193 1352 3245 &
1381 3196 1532 3243 Dioec.
1566 3192 1909 3261 Agrigentinen.
1935 3195 2117 3238 Sacram
2148 3190 2302 3255 Supel-

1303 3264 1502 3313 lestilem
1535 3277 1614 3311 aut
1644 3262 1917 3311 abstulerunt
1946 3293 1962 3315 ,
1997 3274 2077 3307 aut
2101 3258 2302 3307 occulta-

1306 3347 1442 3390 runt,
1473 3345 1551 3380 aut
1578 3330 1875 3384 afferva‘irunt,
1900 3330 1976 3376 vel
2001 3327 2058 3375 ad
2089 3329 2209 3376 illius
2238 3345 2302 3375 re-

1307 3402 1583 3452 stitutionem
1616 3414 1695 3449 aut
1731 3398 2051 3447 revelationem
2087 3399 2301 3454 moneri,

1309 3474 1382 3523 vel
1402 3469 1500 3539 post
1521 3469 1685 3536 praefixi
1713 3468 1892 3515 termini
1919 3464 2091 3531 lapsum
2122 3481 2303 3533 genera-

1309 3545 1410 3592 liter
1426 3538 1803 3588 excommunicari
1820 3571 1835 3593 ,
1857 3533 2208 3601 Archiepiscopo
2224 3539 2304 3585 Pa·

1311 3607 1657 3661 normitano&c.
1673 3602 2179 3655 comittit.Innoc.XlII.
2214 3615 2297 3664 163

1382 3685 1579 3730 Decreto
1598 3681 1696 3727 Sac.
1715 3679 1949 3743 Congreg.
1980 3672 2125 3740 Episc.
2154 3672 2201 3723 ὅ(
2222 3678 2302 3720 Re·

1306 3753 1404 3820 gul.
1441 3745 1716 3797 Monialibus
1750 3750 1797 3794 S.
1826 3747 1973 3809 Claraej
2004 3744 2211 3792 Panormi
2242 3737 2303 3787 fa·

1307 3823 1448 3870 cultas
1474 3820 1519 3866 in
1546 3834 1698 3866 earum
1731 3803 1916 3882 Cape-lla
1947 3810 2203 3918 Domelstbca
2234 3824 2302 3855 ce-

1688 3898 1714 3937 g
2112 3894 2128 3919 c
2164 3892 2251 3918 rau-
