2618 4108
928 196 1652 287 Panormitana.

2103 236 2148 310 1:
2167 238 2289 316 59„

231 311 507 363 Elee'tionem
545 309 813 381 Fr.Josephi
841 309 896 361 ab
930 315 1008 362 lca
1039 315 1085 362 in
1106 319 1244 363 Mini-
1303 318 1368 358 stri
1385 318 1602 358 Generalis
1627 320 1667 359 &
1686 315 2078 378 Josephifingulares
2097 334 2312 375 personas,
2335 358 2351 383 .:

294 381 437 431 strum
468 384 800 433 Provincialem
836 379 1076 431 confirmat
1098 418 1114 441 ,
1147 395 1241 434 ‘non

292 451 495 502 obstante
524 488 539 511 ,
574 454 698 521 quod
736 455 997 503 innumero
1032 471 1107 515 14.
1138 458 1240 504 Fra·

292 535 416 571 trum
435 558 451 582 ,
484 523 541 572 ad
567 522 772 572 officium
797 522 1154 574 Provincialatiis
1179 525 1235 574 ab

292 592 657 643 Eminentiffimo
684 593 926 642 Cardinale
943 595 1203 643 Protectore
1219 629 1236 652 ,

259 714 266 717 ,
291 661 341 713 ὅ(
374 666 423 712 Ρ.
443 663 654 730 Ministro
680 665 892 712 Generali
908 697 924 720 ‚
959 664 1110 729 Papali
1133 681 1235 712 con-

288 730 417 782 sensu
459 735 790 783 nominatorum
835 750 926 787 non
964 731 1067 782 effer
1109 737 1234 782 com—

289 801 556 874 prehensus.

219 933 731 984 CLEMENS
812 934 1086 988 PAPA
1165 935 1229 982 X.

414 1102 482 1146 Ad
496 1102 689 1162 futuram
710 1101 770 1145 rei
791 1103 1026 1144 memoriam.

322 1247 492 1304 Xposuit
503 1249 614 1292 nobis
629 1262 757 1304 nuper
771 1248 941 1291 dilectus
955 1248 1081 1291 Filius
1093 1247 1226 1289 noster

338 1307 552 1350 federicus
579 1312 618 1351 S.
633 1309 737 1349 ΚΕ.
753 1308 976 1361 Presbyter
991 1305 1224 1349 Cardinalis

207 1369 452 1409 Borromaeus
465 1375 712 1421 nuncupatus
726 1392 740 1415 2
767 1365 928 1409 Ordinis
946 1368 1129 1407 Fratrum
1147 1365 1225 1406 Mi-

205 1423 349 1467 norum
376 1427 416 1467 S.
433 1424 634 1466 Francisci
650 1425 953 1480 Capucinorum
969 1432 1221 1479 nuncupato-

203 1495 321 1534 rum,
349 1482 452 1537 apud
483 1485 567 1524 Nos
595 1483 634 1523 δι
658 1481 805 1524 Sedem
822 1481 1093 1537 Apostolicam
1126 1483 1222 1522 Pro.

203 1543 334 1583 testor
361 1551 439 1584 tam
457 1543 522 1582 suo
557 1542 674 1596 quain
690 1539 826 1582 dilecti
845 1541 938 1582 Filii
954 1540 1222 1583 MinistriGe-

202 1599 352 1642 neralis
368 1599 461 1641 dieti
477 1599 643 1640 Ordinis
660 1598 1056 1654 nomine‚qu0d‚cum
1073 1600 1110 1640 in
1127 1610 1220 1652 pro-

202 1657 311 1699 ximo
326 1657 524 1712 preterito
539 1657 734 1712 Capitulo
749 1657 989 1700 Provinciali
1010 1655 1218 1709 Provincie

201 1716 491 1758 Panormitanae
501 1715 680 1772 ejusdem
691 1715 854 1758 Ordinis
871 1713 1118 1757 notificatum
1132 1711 1219 1754 fuis?-

201 1774 262 1815 set
279 1774 511 1816 Mandatum
539 1771 710 1829 ipsorum
730 1773 1153 1816 FedericiCardinalis
1178 1773 1216 1812 &

200 1832 445 1873 Protectoris
482 1861 496 1883 ,
533 1845 576 1874 ac
612 1833 778 1874 Ministri
808 1832 1025 1874 Generalis
1052 1860 1066 1883 ,
1098 1841 1139 1872 ut
1166 1843 1214 1871 ex

198 1887 508 1946 quatuordecim
538 1891 747 1931 Fratribus
777 1891 817 1931 in
848 1889 993 1931 eodem
1022 1889 1214 1930 mandato

196 1947 437 2004 pr'aeseriptis
459 1976 475 1997 ,
503 1945 566 1987 seu
596 1948 810 1989 nominatis
838 1947 1018 1989 Minister
1044 1947 1215 1988 Provin-

195 2005 309 2048 cialis
335 2007 446 2046 dietae
461 2005 683 2060 Provinciae
709 2007 934 2060 eligeretur
950 2033 963 2055 ,
986 2004 1110 2058 aliqui
1130 2005 1214 2045 Vo-

194 2061 343 2104 calium
381 2071 469 2105 cum
497 2060 732 2106 audivissent
757 2063 951 2119 ejusmodi
982 2064 1213 2106 mandatum

193 2119 247 2164 de
263 2119 450 2163 consensu
467 2121 614 2163 Nostro
636 2120 832 2166 emanasse
846 2148 860 2168 ³
888 2122 947 2163 illi
966 2135 1116 2163 morem
1141 2134 1210 2176 ge-

194 2192 288 2221 rere
303 2178 523 2221 voluerunt
541 2208 554 2230 ,
581 2179 647 2222 alii
669 2182 766 2222 vero
782 2209 795 2231 ,
828 2180 918 2234 quia
935 2180 987 2221 de
1004 2179 1213 2221 voluntate

195 2236 326 2278 nostra
341 2249 420 2278 non
434 2238 634 2279 constabat
650 2266 664 2286 ,
693 2248 811 2291 prout
827 2238 876 2280 ad
894 2236 1078 2279 effectum
1091 2238 1212 2279 dero—

195 2294 315 2347 gandi
331 2293 690 2336 Constitutionibus
706 2295 871 2337 Ordinis
886 2295 1061 2350 praedieti
1074 2293 1212 2335 necess

195 2351 342 2393 sarium
356 2362 443 2393 erat
461 2381 475 2403 ,
496 2353 545 2395 ad
571 2351 807 2393 electionem
823 2363 934 2395 extra
962 2366 1207 2394 numerum.)

195 2409 501 2465 quatuordecim
522 2413 709 2453 Fratrum
733 2410 782 2452 fic
806 2412 1100 2452 nominatorum
1120 2424 1213 2463 pro-

195 2465 392 2509 cesserunt
408 2497 420 2518 ‚
437 2470 474 2509 &
490 2469 681 2510 dilec‘tum
699 2469 818 2510 etiam
840 2468 1212 2524 FiliumJosephum

195 2527 245 2567 ab
262 2528 326 2567 [ca
348 2528 530 2569 Fratrem
544 2526 732 2580 expresse
751 2526 960 2577 professum
977 2528 1069 2568 dieti
1086 2526 1211 2567 Ordi-

193 2585 254 2625 nis
278 2585 316 2626 in
334 2585 554 2627 Ministrum
573 2586 863 2627 provincialem
886 2586 1101 2627 Provincia:
1119 2599 1213 2638 prae.

193 2641 305 2683 dietae
320 2644 606 2684 Panormitanae
623 2671 637 2693 ,
653 2655 927 2686 concurrente
944 2644 994 2686 ad
1011 2644 1050 2685 id
1073 2642 1211 2696 majori

194 2710 383 2741 votorum
416 2699 493 2742 five
528 2700 800 2756 suffragiorum
826 2716 1018 2749 numero,
1041 2711 1209 2743 caetero-

192 2758 288 2812 quin
305 2758 497 2800 canonice
522 2759 734 2813 elegerunt
755 2787 767 2799 .
799 2764 902 2802 Cuni
920 2771 1051 2801 autem
1067 2789 1081 2809 ‚
1112 2760 1210 2800 sicut

191 2815 335 2858 eadem
357 2816 550 2871 expositio
563 2816 820 2872 subjungebat
835 2845 850 2868 ,
879 2817 981 2859 dieta
999 2816 1209 2859 Provincia

189 2885 360 2930 propter
375 2873 559 2928 praemiffa
582 2875 827 2930 aliquantum
857 2877 1014 2917 turbata
1030 2874 1208 2928 reperia-

191 2943 289 2975 tur:
327 2943 370 2973 ut
401 2935 500 2975 vero
528 2932 641 2986 ipfius
671 2933 892 2976 Provinciae
921 2930 1208 2987 tranquillitati

191 2990 444 3038 consulatur,
471 2993 510 3032 ὃ(
526 2991 932 3048 praedie‘tusJosephus
947 2990 1135 3032 mandato
1151 2987 1207 3030 su.

191 3047 369 3103 pradieto
393 3062 472 3090 non
498 3050 706 3101 obstante,
736 3050 843 3106 quod
871 3049 1086 3090 Vocalibus
1113 3046 1205 3088 dieti

189 3106 369 3160 Capituli
398 3108 655 3149 Provincialis
689 3108 868 3163 legitime
909 3109 944 3148 &
972 3105 1206 3159 tempestive

191 3162 440 3205 notificatum
455 3178 530 3206 non
550 3163 638 3220 fuit¹
660 3166 978 3209 Provincialatus
993 3164 1176 3206 Officium
1189 3192 1203 3213 ,

191 3220 338 3263 semota
364 3223 470 3263 omni
487 3224 746 3277 ambiguitate
761 3251 776 3273 2
802 3225 848 3268 ad
871 3225 946 3266 Dei
963 3224 1126 3279 gloriam
1142 3251 1155 3272 ,
1169 3224 1208 3262 ὃς

190 3280 419 3334 Religionis
435 3280 654 3322 utilitatem
673 3283 805 3325 valeat
826 3281 1208 3331 exercere,Federi·

189 3352 261 3381 eus
279 3338 507 3382 Cardinalis
539 3340 578 3379 &
604 3342 814 3383 Proteetor
827 3369 842 3390 ‚
870 3354 915 3381 ac
933 3339 1110 3382 Minister
1123 3341 1208 3380 Ge-

188 3397 342 3441 neralis
369 3396 540 3451 praedicti
564 3399 792 3452 opportune
818 3399 857 3439 in
875 3396 1067 3451 praeniiffis
1083 3396 1103 3437 ὲ
1120 3400 1208 3438 Νο-

189 3456 247 3496 bis
262 3455 491 3510 provideri,
506 3457 541 3496 δι
558 3484 572 3507 ,
588 3466 630 3498 ut
645 3455 969 3511 infra‚indulgeri
993 3455 1206 3511 plurimum

189 3514 417 3557 desiderent
435 3544 446 3556 .

269 3577 354 3616 Nos
399 3573 637 3617 eorumdem
679 3572 865 3615 Federici
906 3570 1131 3615 Cardinalis
1170 3571 1209 3609 &

188 3632 437 3674 Protectoris
451 3657 465 3680 2
493 3647 538 3674 ac
552 3632 722 3674 Ministri
737 3631 948 3674 Generalis
967 3641 1067 3673 votis
1083 3631 1153 3670 liac
1170 3630 1206 3668 in

187 3703 235 3730 re
249 3717 263 3739 ,
290 3690 483 3743 quantum
497 3704 586 3732 cum
607 3691 779 3732 Domino
797 3690 991 3746 postumus
1009 3718 1022 3739 ,
1039 3686 1199 3729 favora-

186 3746 323 3789 biliter
348 3761 522 3790 annuere
550 3749 759 3797 volentes,
784 3750 1061 3803 dieiorumque
1081 3746 1201 3788 Mini-

1299 372 1320 414 a
1347 373 1545 428 quibusvis
1560 380 1986 420 excommunicationis
2002 408 2015 429 ,
2035 379 2309 433 suspensionis,

1298 432 1577 483 &interdictu
1599 435 1761 488 aliisque
1777 437 2063 480 Eccleiiasticis
2079 440 2309 490 sententiis,

1297 492 1500 540 censuris,
1526 492 1564 532 &
1590 493 1723 546 poenis
1741 497 1776 537 ·a
1801 494 1915 549 jure,
1945 498 2008 538 vel
2039 498 2088 537 ab
2118 498 2276 539 homine
2293 525 2309 549 ,

1295 549 1429 602 quavis
1446 550 1668 599 occasione,
1686 550 1747 592 vel
1763 555 1875 594 causa
1894 554 1998 605 latis,
2015 554 2038 595 ii
2053 560 2194 608 quibus
2210 570 2310 610 quo-

1296 605 1520 647 modolibet
1550 607 1749 649 innodatae
1773 612 1943 654 existunt
1960 641 1974 663 ,
1995 612 2061 661 ,ad
2089 614 2308 662 effectum„

1294 664 1538 719 presentium
1560 663 1767 708 dumtaxat
1789 671 2109 724 consequendum
2126 700 2139 722 ,
2170 670 2305 713 harum

1293 721 1395 762 serie
1409 720 1658 763 absolventes
1679 751 1693 773 ·,
1706 725 1746 763 &
1760 725 1955 769 absolutas
1977 727 2059 771 sore
2071 728 2278 773 censentes
2291 755 2306 778 a

1291 777 1645 833 supplicationibus
1675 780 1788 836 ipsius
1815 786 1998 827 Federici
2015 787 2244 829 cardinalis
2267 790 2306 829 &

1290 837 1538 880 Protectoris
1566 848 1647 879 tam
1676 838 1744 880 suo
1779 844 1897 894 quam
1937 844 2107 897 praedieii
2139 845 2330 889 Ministri'

1290 894 1501 937 Generalis
1524 897 1683 939 nomine
1699 898 1825 940 Nobis
1849 898 1964 956 super
1989 902 2065 953 hoc
2094 904 2302 947 humiliter

1289 953 1483 1010 porrectis
1497 953 1676 997 inclinati
1697 955 1946 1000 Electioneni
1961 960 2011 1000 de
2032 959 2197 1013 persona
2218 975 2306 1003 me-

1286 1010 1600 1067 moratiJosephi
1628 1014 1680 1054 ab
1696 1015 1762 1056 Ica
1782 1015 1820 1057 in
1840 1016 2058 1057 Minissrum
2077 1018 2305 1062 Provincia-

1285 1072 1366 1113 lem
1386 1070 1602 1112 Provinciae
1616 1071 1806 1125 praedietae
1823 1075 2110 1115 Panorniitanae
2127 1078 2163 1118 in
2179 1080 2237 1118 Ca
2246 1079 2305 1131 pi-

1284 1128 1374 1171 tulo
1390 1129 1635 1170 provinciali
1650 1129 1872 1187 hujusmodi
1893 1132 2032 1174 fastam
2049 1161 2062 1183 ,
2075 1144 2118 1174 ut
2142 1133 2305 1185 praeser-j

1284 1185 1856 1244 tur,AuetoritateApost01ica
1873 1200 2017 1232 tenore
2033 1193 2304 1244 praesentium,
2319 1203 2322 1205 ·

1284 1254 1477 1302 quatenus
1491 1259 1588 1301 opus
1601 1247 1661 1294 fit,
1681 1248 1904 1292 validamus
1922 1250 1961 1290 &
1988 1248 2272 1291 confirmamus
2286 1278 2301 1300 ,

1284 1304 1428 1359 illique
1443 1303 1685 1347 inviolabilis
1701 1307 1938 1362 Apostolicae
1954 1306 2154 1349 firmitatis
2172 1310 2301 1349 robur

1284 1361 1490 1417 adjicimus
1504 1390 1517 1413 ,
1542 1376 1587 1404 ac
1601 1377 1737 1408 omnes
1752 1366 1790 1406 ὃς
1806 1364 1975 1421 singulos
2000 1365 2095 1419 juris
2110 1396 2124 1415 ,
2154 1367 2194 1406 δε
2211 1365 2302 1407 faeti

1283 1418 1466 1462 desertus
1494 1449 1510 1470 ‚
1544 1421 1567 1462 fi
1591 1421 1658 1476 qui
1682 1420 1854 1478 desuper
1882 1433 2048 1479 propter
2082 1422 2301 1479 praemissa„

1281 1478 1586 1535 quomodolibet
1607 1478 1930 1532 intervenerint,
1959 1477 2028 1524 seu
2041 1479 2299 1530 intervenisse

1281 1538 1388 1587 dici,
1416 1536 1598 1587 censeri,
1624 1538 1689 1579 vel
1714 1540 1905 1591 praetendi
1931 1540 2112 1594 possent,
2140 1539 2311 1594 suppleg„

1279 1609 1390 1645 mus,
1411 1596 1450 1634 &
1466 1593 1653 1636 sanamus.
1683 1597 1883 1638 Praeterea
1904 1592 2301 1653 eundemjosepbum

1277 1655 1318 1695 in
1343 1653 1563 1695 Ministrum
1591 1653 1891 1696 Provincialeni
1918 1656 2136 1698 Provinciae
2165 1655 2302 1706 hujus-

1280 1711 1386 1754 modi
1413 1709 1464 1753 ad
1491 1722 1650 1765 tempus
1667 1741 1680 1764 ,
1703 1713 1751 1754 ad
1781 1714 1889 1768 quod
1920 1715 1957 1755 in
1984 1713 2090 1757 dicto
2107 1715 2300 1768 Capitulo

1279 1770 1523 1814 Provinciali
1548 1771 1697 1812 elesius
1727 1769 1828 1822 fuit,
1856 1786 1943 1813 cum
1964 1774 2152 1815 omnibus
2171 1775 2206 1814 &
2225 1773 2301 1813 sin-

1278 1829 1380 1884 gulis
1404 1829 1725 1883 praeeminentis,
1752 1831 2022 1884 praerogativis
2047 1859 2060 1883 ,
2091 1831 2300 1873 facultati-

1277 1890 1346 1929 bus
1362 1916 1376 1939 ,
1402 1888 1668 1938 auetoritate‚
1699 1888 1921 1943 privilegiis
1938 1917 1951 1939 ,
1983 1893 2123 1944 gratiis
2140 1917 2153 1938 ‚
2185 1893 2221 1931 &
2241 1891 2302 1930 in·

1276 1946 1402 1987 dultis
1432 1973 1446 1996 ,
1473 1959 1519 1986 ac
1558 1947 1775 1988 honoribus
1804 1948 1843 1987 &
1879 1949 2070 1990 oneribus
2103 1946 2230 1990 solitis
2262 1948 2302 1988 &

1276 2003 1475 2046 consuetis
1492 2002 1544 2044 de
1560 2017 1666 2045 novo
1682 2004 1824 2046 itidem
1841 2033 1855 2055 ,
1883 2015 2079 2059 quatenus
2102 2021 2199 2060 opus
2227 2006 2269 2047 sit
2286 2032 2300 2054 ‚

1278 2061 1516 2103 austoritate
1552 2062 1587 2102 &
1620 2071 1767 2103 tenore
1786 2062 1982 2118 praedit‘tis
1998 2064 2300 2111 constituimus,

1271 2121 1311 2160 δι
1334 2121 1572 2174 deputamus
1590 2148 1601 2159 .
1638 2122 1919 2163 Decernentes
1947 2122 2107 2165 easdem
2134 2124 2301 2178 praesen-

1273 2189 1333 2220 tes
1350 2179 1506 2220 litteras
1522 2206 1535 2228 ,
1552 2176 1687 2220 firmas
1706 2206 1719 2227 ,
1745 2178 1895 2220 validas
1909 2182 1947 2220 ἅ.
1962 2179 2143 2222 efficaces
2158 2182 2303 2223 existe-

1275 2252 1318 2279 re
1332 2265 1346 2288 ,
1376 2239 1414 2278 &
1439 2237 1526 2276 fore
1540 2263 1554 2285 ‚
1584 2234 1750 2291 suosque
1767 2236 1966 2291 plenarios
1991 2240 2026 2277 &
2044 2239 2225 2294 integros
2241 2234 2299 2281 ef-

1274 2293 1400 2336 fectus
1425 2294 1557 2335 sortiri
1574 2295 1842 2343 &obtinere,
1870 2309 1914 2336 ac
1942 2296 2230 2350 dietoJosepho
2262 2298 2300 2338 in

1272 2354 1460 2394 omnibus
1475 2380 1489 2401 ‚
1518 2352 1557 2391 &
1581 2365 1651 2406 per
1669 2352 1800 2393 omnia
1826 2352 2045 2405 plenislime
2060 2354 2296 2409 suffragari,

1271 2412 1310 2450 &
1335 2410 1472 2452 abillis
1490 2436 1503 2458 ,
1528 2409 1576 2449 ad
1597 2423 1697 2462 quos
1715 2410 1890 2463 spestat,
1916 2412 1955 2450 &
1972 2409 2160 2464 speetabit
2187 2414 2222 2452 in
2238 2411 2299 2453 fu-

1275 2479 1408 2509 turum
1431 2466 1721 2507 inviolabiliter
1738 2464 1940 2508 observari
1958 2493 1972 2515 ,
1997 2470 2128 2522 ficque
2145 2470 2182 2510 in
2199 2472 2299 2523 prat*-

1275 2525 1386 2567 miffis
1411 2537 1482 2578 per
1511 2524 1765 2578 quoscunque
1785 2524 1947 2578 Ju‘dices
1965 2525 2200 2567 ordinarios
2218 2556 2231 2576 ,
2259 2529 2298 2567 δε

1278 2584 1523 2637 Delegatos‚
1555 2582 1678 2622 etiam
1704 2582 1910 2623 causarum
1941 2584 2082 2625 Palatii
2100 2585 2296 2639 Apstolici

1273 2641 1491 2682 Auditores
1511 2638 1679 2692 judicari
1694 2667 1707 2690 ,
1724 2641 1763 2680 δε
1778 2638 1935 2681 definiri
1951 2641 2103 2685 debere
2118 2670 2131 2692 2
2147 2657 2192 2683 ac
2212 2644 2294 2685 irri.

1270 2709 1382 2748 tum,
1412 2700 1449 2739 &
1472 2698 1615 2747 inane,
1648 2701 1673 2739 st
1698 2696 1807 2741 secus
1827 2697 1942 2754 super
1967 2700 2023 2741 his
2046 2703 2068 2743 a
2093 2715 2293 2757 quoquam

1270 2761 1407 2812 quavis
1437 2755 1678 2798 auctoritate
1706 2757 1877 2798 scienter
1903 2785 1916 2807 ,
1959 2759 2022 2800 vel
2054 2759 2294 2813 ignoranter

1270 2816 1485 2867 contigerit
1502 2813 1716 2854 attentari.
1750 2817 1842 2855 Non
1858 2814 2102 2858 obstantibus
2123 2816 2293 2871 praemis-

1270 2869 1315 2913 sis
1334 2899 1348 2921 ‚
1378 2887 1422 2913 ac
1450 2870 1819 2914 Constitutionibus
1846 2901 1860 2922 ‚
1893 2874 1932 2913 &
1958 2875 2292 2929 Ordinationibus

1268 2929 1509 2984 Apostolicis
1525 2957 1537 2979 ,
1563 2943 1716 2971 necnon
1736 2957 1749 2980 ,
1773 2939 1968 2983 quatenus
1996 2946 2097 2987 opus
2114 2932 2155 2972 fit
2171 2958 2185 2979 2
2211 2935 2291 2973 Or—

1266 2988 1370 3029 dinis
1387 3015 1400 3035 ,
1422 2989 1460 3028 &
1477 2988 1694 3029 Provinciae
1708 2986 2072 3041 hujusniodi,etiam
2088 2990 2291 3045 juramen-

1267 3057 1309 3087 to
1323 3073 1338 3096 ,
1363 3044 1680 3087 Confirmatione
1697 3045 1921 3098 Apostolica
1939 3075 1950 3096 ,
1979 3048 2043 3088 vel
2064 3061 2199 3102 quavis
2214 3049 2289 3089 alia

1266 3103 1458 3146 firmitate
1486 3104 1685 3144 roboratis
1714 3104 1891 3152 statutis,
1920 3105 1959 3143 δι
1983 3104 2289 3147 consuetudini·

1266 3163 1353 3210 bus,
1370 3161 1594 3215 Privilegiis
1612 3173 1768 3216 quoque
1787 3160 1946 3202 indultis
1961 3162 2162 3204 &litteris
2182 3167 2288 3216 Apo-

1267 3220 1412 3262 stolicis
1438 3220 1474 3259 in
1491 3221 1738 3259 contrarium
1765 3214 2042 3272 praemissorum
2058 3223 2287 3275 quomodo-

1267 3279 1364 3320 libet
1381 3276 1590 3328 conceffis,
1617 3273 1866 3318 confirmatis
1880 3301 1894 3322 a
1908 3277 1948 3315 &
1961 3278 2184 3331 innovatiS,
2199 3279 2286 3334 qui-

1267 3336 1341 3378 bus
1357 3335 1538 3376 omnibus
1558 3336 1596 3374 &
1621 3333 1776 3386 singulis
1792 3361 1806 3383 ,
1831 3334 1993 3376 illorum
2010 3346 2176 3380 tenores
2193 3351 2286 3393 pra:-

1267 3393 1438 3437 sentibus
1466 3406 1536 3445 pro
1561 3392 1679 3445 plene
1695 3393 1732 3431 &
1749 3390 1988 3434 sufficienter
2004 3395 2188 3451 expreffis
2203 3424 2216 3446 ,
2246 3398 2286 3436 &

1266 3450 1421 3494 insertis
1440 3449 1728 3500 habentes,illis
1743 3447 1862 3491 aliter
1883 3451 1922 3491 in
1946 3450 2012 3493 suo
2028 3454 2173 3497 robore
2191 3468 2286 3509 per-

1265 3510 1452 3552 mansuris
1469 3536 1482 3559 ,
1497 3509 1544 3550 ad
1561 3504 1839 3563 praemifforur'n
1856 3509 2040 3552 effeetum
2068 3514 2141 3554 hac
2159 3514 2284 3555 vice.)

1267 3569 1474 3610 dumtaxat
1502 3565 1729 3620 specialiter
1752 3566 1791 3605 &
1812 3567 1993 3621 expresse
2016 3570 2283 3627 derogamus,

1268 3626 1496 3679 caterisque
1511 3623 1722 3664 contrariis
1736 3624 2032 3682 quibuscunque
2043 3658 2054 3669 .

1319 3688 1467 3725 Datum
1493 3685 1628 3723 Romae
1648 3682 1753 3736 apud
1777 3683 2028 3739 S-Majorem
2051 3685 2282 3742 Maiorem„

1261 3740 1331 3785 snb
1360 3741 1525 3784 Annulo
1557 3738 1765 3783 Piscatoris
1790 3742 1857 3784 die
1884 3756 2069 3786 xxviii.
2097 3749 2280 3842 εἶξε-ειη·

2168 3814 2217 3841 ris
