2618 4108
329 224 509 314 254
1105 199 1591 288 Cuflodia

269 314 398 360 recepit
414 340 424 349 .
450 314 589 351 Celebri
603 313 830 362 exequiarum
841 313 958 351 officio
971 317 1196 360 parentatum
1211 318 1326 364 plures
1339 317 1544 361 Eccleliae,ut
1565 316 1714 354 frustum
1730 316 1976 365 Apostolicum
1987 343 1999 363 ,
2017 329 2125 366 quem
2151 321 2240 357 inter
2268 321 2407 358 illarum

270 363 420 407 parietes
434 365 653 411 Hyacinthus
670 363 986 408 cumulavit‚digno
1001 365 1217 411 compensent
1232 363 1407 411 suffragio.
1423 369 1622 406 Pascebatur
1635 367 1780 402 aliorum
1794 377 1919 403 moeror
1939 366 2136 412 mentimur,
2146 370 2228 406 dum
2240 371 2324 420 quid
2349 372 2406 407 hic

271 417 490 463 loqueretur,
503 424 569 449 non
585 413 746 459 reperiret
758 436 772 456 ,
792 413 946 449 animum
968 412 1143 449 crudelior
1166 414 1332 459 affligeret
1344 439 1352 449 .
1377 416 1475 454 Hinc
1487 417 1566 453 inde
1580 415 1781 452 miscebatur
1798 415 1897 452 {effus
1919 428 1996 452 cum
2014 417 2112 452 laude
2124 439 2138 460 ‚
2159 419 2216 462 ei,
2228 422 2311 456 dum
2338 420 2408 455 illo

275 464 509 515 Hyacinthum
520 462 730 509 inrt‘pestivo
740 461 811 498 fato
826 461 885 497 fibi
898 463 1020 509 ereptfi
1035 464 1223 509 ploratum,
1237 463 1400 507 hac‚dum
1409 465 1452 502 ab
1465 477 1509 502 eo
1523 465 1644 503 vivum
1658 465 1848 510 gestiebant
1862 465 2019 503 relietum
2031 468 2209 511 exemplar
2222 467 2378 506 Virtutis
2394 492 2406 504 .

374 514 463 550 Vere
480 512 549 547 haec
563 522 681 556 magna
697 511 731 546 in
750 511 954 559 Hyacinthe
977 511 1043 548 fuit
1058 535 1070 555 ‚
1092 513 1172 549 citm
1198 512 1299 549 fuerit
1316 511 1458 550 fundata
1471 515 1506 550 in
1522 513 1628 550 nihilo
1643 538 1656 557 ‚
1680 514 1776 562 quod
1795 514 1830 550 8(
1857 514 1886 550 se
1906 514 1940 550 8(
1965 515 2022 550 sua
2039 515 2167 561 semper
2192 518 2398 562 reputavit,

270 565 309 601 in
334 565 400 599 hoc
412 586 424 606 ,
453 561 557 609 juxta
574 564 622 600 D.
637 561 801 600 Bernardi
819 560 974 605 regulam
987 584 1000 605 ‚
1025 561 1193 598 duntaxat
1211 562 1377 609 superbus
1391 588 1400 602 ‚
1424 563 1521 610 quod
1534 563 1692 599 ascititia:
1714 562 1806 599 famae
1826 563 1862 600 &
1885 563 1985 600 vocis
2011 564 2130 599 laudes
2144 575 2397 603 contemneret.

272 612 435 660 Majestas
454 612 665 656 legationum
687 610 723 646 8(
745 608 924 646 actionum
945 622 1018 646 non
1033 610 1112 648 laefit
1134 610 1170 646 in
1192 611 1254 647 illo
1268 610 1491 648 humilitatem
1507 635 1520 655 ‚
1545 612 1599 649 sed
1619 623 1756 648 econtra
1776 622 1898 648 mutuo
1921 612 2007 648 inter
2028 612 2062 648 se
2077 613 2201 649 rubore
2214 614 2404 660 compensa*

276 663 403 697 bantur
416 686 426 702 ,
450 670 528 695 nam
544 661 626 696 dum
641 658 701 695 illa
720 659 945 699 bumilitatem
960 660 1125 699 exaltavit
1138 684 1150 703 ,
1175 660 1245 700 hac
1261 659 1474 714 Majestatem
1487 660 1669 697 decoravit
1683 685 1693 696 .
1723 661 1816 697 Dum
1827 661 2061 697 ferdinandus
2075 662 2262 711 Imperator
2278 689 2288 704 ‚
2311 663 2401 699 Ula-

269 711 399 746 dislaus
423 709 561 754 Regius
576 707 740 756 Princeps
756 732 769 752 ‚
794 708 995 755 Leopoldus
1014 709 1157 746 Austrioe
1171 709 1354 746 Archidux
1365 733 1377 753 ,
1406 708 1583 751 Elestores
1595 733 1608 753 ‚
1635 709 1807 757 Principes
1826 710 1895 748 &c-
1917 713 1972 747 vel
1991 710 2090 748 illius
2108 711 2307 756 aegrotantis
2331 712 2404 748 cel-

266 762 335 796 lam
351 756 516 795 access‘cre
532 781 545 802 ,
569 766 631 794 aut
646 757 730 795 alias
743 759 829 794 Eum
843 758 1067 802 negotiorum
1083 759 1171 803 ergo
1185 759 1382 798 convenere
1398 781 1413 802 ‚
1436 758 1497 795 suo
1512 758 1711 804 indignatus
1734 759 1779 795 est
1793 758 1942 803 merito,
1967 761 2013 797 εὸ
2026 760 2123 807 quod
2138 761 2182 795 ad
2204 771 2273 797 tam
2289 760 2399 797 subli-

267 819 356 844 mem
374 819 452 842 eum
475 805 684 854 perduxisset
706 805 964 845 animationem
979 833 989 845 .
1016 806 1211 855 Copulavit
1232 807 1414 843 humilitati
1436 806 1621 843 individuo
1637 818 1730 844 nexu
1747 808 1986 854 Paupertatem
2010 807 2226 854 Religiosam
2246 836 2256 851 ‚
2292 822 2394 858 qua..

265 857 351 893 vere
372 854 440 892 sese
457 855 675 893 exinaniVit.
704 855 779 903 lpsa
806 855 990 893 Pontificia
1015 855 1241 904 dispensatio,
1267 856 1395 892 infirmi
1413 855 1568 903 corporis
1594 856 1821 897 constitutio,
1845 858 2009 894 itinerum
2031 857 2391 907 molestiae‚negotio-

264 917 341 942 tum
357 905 508 950 gravitas
522 928 535 949 ‚
562 906 769 952 Regumque
798 916 835 941 ac
860 903 1057 953 Principum
1071 905 1246 946 cumulate
1262 905 1294 941 ei
1309 904 1399 941 miffa
1415 916 1553 942 munera
1576 905 1725 949 rigorem
1743 907 1955 952 Paupertatis
1972 907 2128 943 nonnihil
2146 907 2334 955 aliquoties
2351 909 2401 944 la·

263 955 338 993 :tari
355 955 375 990 s
372 954 565 995 uadebant3
592 953 677 1002 legis
691 954 726 990 &
741 953 816 990 voti
828 952 889 989 ille
904 964 1005 992 tenax
1019 977 1032 999 ,
1047 955 1165 996 severa
1175 954 1296 991 nausea
1311 953 1490 990 abhorruit
1505 955 1663 1002 corporis
1685 954 1866 990 commoda
1878 978 1891 997 ,
1919 965 2029 992 rerum
2052 957 2297 993 mundanarum
2323 963 2402 998 cre-J

264 1003 399 1052 pundia
417 1003 561 1040 viriliter
577 1002 707 1050 sprevit
722 1028 735 1048 ,
760 1014 798 1038 ac
812 1001 922 1050 ipsum
941 1015 1083 1052 quoque
1101 1003 1258 1040 afleEkum
1274 1002 1441 1049 exquifira
1465 1015 1606 1051 quoque
1629 1013 1742 1039 rerum
1765 1002 1848 1039 alias
1871 1004 2128 1041 necessariarum
2151 1005 2268 1052 inopia
2294 1017 2397 1042 com-

264 1053 420 1102 pescuit;
443 1052 519 1090 hinc
546 1052 580 1090 in
598 1052 924 1098 illiuseellamraetet
943 1053 1106 1091 devotam
1117 1051 1220 1104 Jessss
1240 1051 1418 1092 Crucifixi
1435 1052 1617 1096 imaginem
1639 1076 1648 1092 ,
1671 1053 1781 1088 Saerae
1805 1052 1992 1099 Scripturae
2018 1054 2188 1092 codicem
2204 1077 2216 1097 ,
2245 1053 2399 1098 ligneum

265 1103 449 1147 cochlear,
474 1102 653 1140 cultellum
682 1100 887 1150 quotidiano
918 1100 1039 1138 mensae
1053 1101 1131 1138 usui
1147 1101 1347 1139 servientem
1362 1125 1375 1145 ,
1401 1113 1441 1138 ac
1467 1101 1592 1137 lec-tum
1619 1100 1727 1147 paleis
1756 1100 1895 1137 stratum
1918 1101 2014 1138 aliud
2032 1102 2147 1139 videre
2172 1113 2242 1138 non
2271 1102 2369 1139 licuit
2388 1131 2399 1139 .

272 1153 413 1190 Horum
431 1160 594 1198 penatum
625 1150 742 1196 figurae
767 1150 990 1187 concordavit
1015 1150 1181 1194 vestitus,
1206 1149 1267 1199 qui
1282 1150 1422 1198 quidem
1447 1150 1536 1186 mori
1552 1150 1696 1189 Ordinis
1718 1149 1895 1187 communi
1911 1150 1978 1186 fuit
2000 1151 2267 1188 consentaneus.
2291 1163 2332 1188 ae
2346 1161 2396 1189 ex

272 1199 351 1236 rudi
367 1212 484 1248 panno
516 1200 695 1238 confestus
707 1224 720 1243 ,
745 1199 779 1234 in
801 1199 867 1236 hoc
893 1210 1006 1236 tamen
1026 1210 1098 1235 erat
1127 1199 1334 1246 singularis,
1359 1199 1455 1248 quod
1477 1198 1583 1236 affuta
1597 1199 1685 1246 petia
1699 1222 1712 1242 ,
1737 1210 1886 1251 quorum
1908 1201 2064 1245 quatdam
2089 1201 2124 1236 in
2141 1199 2237 1237 illius
2254 1200 2362 1248 pallio
2378 1223 2394 1245 ,

232 1274 235 1277 -
267 1247 304 1285 in
327 1250 447 1286 nostro
461 1249 635 1286 Casalenfl
659 1250 848 1285 Conventu
865 1248 1026 1293 religiose
1040 1248 1199 1293 servato,
1227 1248 1338 1285 adhuc
1363 1249 1527 1285 videntur
1539 1273 1553 1292 ,
1579 1248 1677 1284 illum
1695 1248 1874 1284 redderent
1889 1249 2091 1296 asperiorem
2109 1273 2119 1285 .

365 1300 506 1342 Duplex
518 1298 586 1334 haec
603 1296 818 1334 Humilitatis
832 1296 867 1332 &
883 1297 1095 1344 Paupertatis
1106 1297 1233 1340 virtus,
1246 1295 1312 1332 fuit
1335 1296 1422 1334 felix
1438 1297 1497 1333 illa
1511 1297 1597 1335 baiis
1613 1321 1625 1340 ‚
1640 1307 1686 1333 ex
1705 1309 1773 1344 qua
1786 1296 1947 1341 surgebat
1967 1300 2073 1335 altum
2099 1299 2133 1336 8(
2149 1299 2315 1335 varietate
2328 1298 2389 1335 de·

259 1358 381 1384 corum
409 1347 575 1384 virtutum
601 1345 783 1382 aedificium
797 1369 811 1389 ‚
835 1345 936 1394 cujus
958 1357 1163 1392 compagem
1184 1345 1405 1396 Hyacinthus
1420 1346 1590 1382 Oratione
1609 1347 1644 1383 8(
1669 1347 1803 1383 Labore
1814 1357 1932 1382 contra
1955 1347 2068 1383 casum
2095 1348 2208 1386 tenuit
2230 1346 2365 1384 illaesam
2380 1372 2394 1384 .

261 1396 495 1442 Dirigebatur
508 1395 622 1431 oratio
647 1395 725 1442 ejus
744 1394 826 1432 ficut
844 1393 1015 1432 incensum
1039 1394 1073 1429 in
1087 1394 1278 1442 conspestu
1292 1394 1438 1431 Domini
1454 1418 1466 1437 ,
1489 1395 1525 1431 &
1543 1395 1772 1443 quantumvis
1795 1398 1937 1439 negotia
1962 1395 2116 1443 spiritum
2136 1397 2214 1445 ejus
2231 1396 2402 1443 diffipare'

261 1444 453 1482 debuissent
468 1468 481 1488 ,
505 1443 722 1480 nihilosecius
747 1444 831 1483 mira
845 1443 1008 1491 temporis
1022 1443 1208 1491 partitione
1231 1442 1291 1479 illa
1302 1442 1401 1487 fecit,
1424 1443 1459 1480 &
1476 1443 1566 1481 hunc
1583 1455 1655 1480 non
1679 1444 1792 1480 omisit
1811 1456 1821 1480 t
1847 1445 1998 1492 dumque
2020 1445 2054 1480 in
2068 1445 2171 1483 Aulis
2193 1446 2394 1492 Principum

261 1494 414 1539 degebat
430 1518 441 1537 ,
467 1494 542 1529 duae
553 1502 646 1533 erant
673 1491 748 1529 fixae
762 1492 856 1529 horae
869 1517 883 1536 ,
907 1492 1058 1529 orationi
1069 1494 1242 1529 duntaxat
1255 1492 1428 1529 destinatae
1439 1518 1450 1529 .
1478 1492 1649 1529 Teneriot
1661 1492 1726 1528 fuit
1740 1492 1909 1536 devotio,
1935 1506 2003 1541 qua
2026 1493 2059 1531 se
2071 1495 2181 1531 cultui
2197 1494 2234 1530 B.
2251 1494 2297 1530 V.
2312 1495 2393 1530 Ma-

261 1544 322 1580 ria:
338 1543 480 1579 dicavit:
496 1544 640 1579 Nomen
656 1542 773 1577 Mariae
785 1541 850 1578 fuit
862 1542 895 1578 in
909 1552 970 1579 ore
987 1541 1176 1593 Hyacinthi
1187 1543 1317 1585 oleum,
1331 1543 1426 1590 quod
1441 1542 1607 1587 ingentes
1622 1543 1681 1588 pio
1697 1540 1830 1589 semper
1846 1543 2017 1589 praeconio
2034 1543 2099 1579 fuit
2110 1542 2253 1579 effusum
2268 1556 2279 1579 t
2308 1543 2394 1580 vir·

261 1602 317 1629 rus
336 1592 456 1628 Mariae
471 1591 537 1628 fuit
561 1590 596 1627 in
613 1591 716 1634 corde
736 1589 928 1643 Hyacinthi
950 1591 1126 1629 thesaurus
1140 1615 1153 1635 ‚
1178 1602 1280 1639 quem
1302 1590 1370 1628 fida
1382 1591 1572 1627 imitatione
1586 1590 1797 1628 custodivit:
1822 1589 1885 1626 suit
1899 1590 2082 1627 Rosarium
2104 1591 2225 1630 Mariae
2241 1591 2275 1628 in
2288 1603 2392 1630 manu

265 1642 454 1694 Hyacinthi
472 1640 625 1678 validum
639 1640 726 1676 illud
741 1641 872 1677 scutum
886 1666 896 1682 ,
919 1641 1015 1687 quod
1031 1638 1179 1678 hostium
1196 1640 1305 1677 furori
1321 1640 1468 1689 objecit.
1495 1642 1610 1678 Omne
1625 1663 1639 1685 ,
1662 1640 1758 1688 quod
1772 1639 1834 1675 sub
1850 1639 1966 1676 Mariae
1979 1640 2117 1677 nomine
2130 1639 2306 1688 quaefitum
2322 1642 2372 1678 est
2383 1644 2400 1684 ‚¹

263 1692 305 1726 ds.
313 1690 363 1725 dit
380 1715 393 1735 ,
419 1693 480 1738 qui
505 1690 570 1726 fine
594 1688 707 1726 Maria
724 1690 811 1728 nihil
826 1691 956 1729 habere
970 1690 1085 1726 voluit
1099 1715 1110 1727 .
1137 1692 1381 1727 Devotionem
1395 1702 1479 1737 erga
1492 1691 1573 1726 Eam
1589 1714 1602 1735 ,
1624 1700 1665 1726 ut
1678 1689 1841 1727 redderet
1857 1699 2060 1736 perpetuam
2072 1714 2086 1735 ,
2107 1688 2311 1727 Monferrati
2326 1692 2396 1728 in..

264 1740 394 1776 Monte
412 1767 421 1781 ‚
435 1751 539 1787 quem
552 1739 644 1778 Crea
661 1747 787 1776 vocant
804 1767 810 1777 .
826 1739 860 1775 in
874 1743 1079 1777 memoriam
1092 1739 1220 1787 gratiae,
1236 1751 1304 1787 qua
1318 1737 1408 1775 ΒΝ.
1415 1739 1523 1776 Maria
1534 1740 1598 1776 suo
1611 1738 1776 1775 nominali
1794 1738 2319 1791 Patrono‚D.Hyaeintho,olim
2331 1749 2396 1785 ap-

263 1789 379 1838 paruit
397 1815 405 1828 .
433 1790 606 1827 Sacellum
624 1799 668 1824 ex
686 1787 953 1825 Benefaftorum
968 1789 1104 1826 elemos
1124 1789 1175 1826 nis
1191 1788 1341 1825 construi
1358 1789 1496 1826 curavit
1509 1814 1519 1824 .
1546 1789 1683 1827 induxit
1696 1788 1731 1824 8(
1746 1787 1781 1823 in
1799 1788 1914 1823 Patria
1930 1788 2109 1832 Regentes
2126 1786 2397 1828 Misericordioe,

262 1848 301 1876 ut
326 1848 467 1884 gratum
490 1838 639 1875 animum
655 1837 702 1873 ob
715 1838 881 1874 beneficia
898 1840 918 1873 “a
935 1838 1052 1874 Matre
1115 1837 1319 1875 ilericordiae
1333 1839 1497 1875 continuo
1513 1848 1648 1886 recepta
1662 1861 1676 1881 ‚
1701 1835 1900 1874 construere
1917 1838 1951 1871 in
1968 1849 2155 1884 pauperum
2171 1836 2397 1873 sublevamen

260 1888 412 1934 Templo
445 1887 671 1924 monstrarent
685 1911 696 1922 .
725 1887 874 1925 Mariam
894 1886 1116 1934 Principibus
1131 1890 1251 1928 Tetrae
1272 1888 1368 1935 aeque
1392 1889 1599 1925 Sulamitem
1614 1888 1740 1925 fortem
1765 1897 1802 1922 ut
1820 1886 2020 1922 Castrorum
2041 1889 2151 1923 aciem
2166 1885 2366 1921 ordinatam
2379 1908 2395 1930 ,

261 1947 304 1973 ac
327 1947 502 1985 potentem
519 1935 616 1973 Pacis
632 1935 804 1973 Arbitram
819 1961 832 1980 ‚
856 1948 896 1973 ac
911 1939 1046 1984 populo
1059 1936 1279 1974 advocatam
1305 1941 1339 1973 ὅ(
1356 1937 1669 1975 Parheno-Matrem
1686 1934 1820 1982 scriptis
1835 1946 1875 1971 ac
1884 1933 1987 1970 dietis
2001 1934 2257 1971 commendavit
2273 1961 2284 1977 ‚
2310 1934 2391 1972 iude

257 1985 293 2023 ἃ
314 1986 502 2028 Apostolus
517 1986 678 2022 Marianae
697 1985 900 2024 devotionis
928 1985 1056 2033 ubique
1078 1987 1213 2022 audiit.

364 2035 451 2071 Non
465 2035 635 2081 separavit
652 2036 672 2069 ὲ
686 2034 746 2081 ρίο
764 2035 883 2071 Mariae
898 2037 997 2070 cultu
1010 2034 1109 2070 illum
1123 2046 1204 2081 erga
1218 2033 1291 2084 ejus
1305 2034 1475 2082 Sponsum
1488 2058 1497 2074 ,
1528 2035 1579 2070 D.
1589 2031 1782 2083 Josephutn
1803 2043 1815 2067 t
1839 2031 2032 2077 penetravit
2045 2032 2153 2068 nubes
2166 2030 2282 2067 oratio
2297 2056 2307 2071 ‚
2323 2043 2394 2079 qut

265 2084 491 2133 Hyacinthus
505 2090 661 2130 tempore
673 2105 687 2126 ‚
712 2094 784 2130 quo
801 2094 854 2119 res
868 2081 1027 2119 Ecclefiae
1042 2082 1245 2120 vacis-abant
1257 2107 1272 2127 ‚
1296 2084 1447 2130 implora
1455 2086 1503 2119 vit
1516 2082 1684 2119 auxilium
1700 2081 1742 2117 de
1758 2079 1892 2118 Sanan
1907 2101 1921 2121 ‚
1944 2080 1979 2116 &
1991 2092 2080 2118 certa
2095 2080 2154 2118 fibi
2167 2080 2202 2116 ἃ
2217 2080 2295 2117 aliis
2309 2092 2393 2126 proe·

264 2131 345 2168 fidia
369 2131 557 2180 spopondit
581 2132 625 2167 ab
642 2143 686 2167 eo
702 2160 713 2175 ‚
734 2143 840 2180 quem
858 2141 901 2168 ex
927 2131 1137 2168 omnicarne
1160 2135 1181 2170 ὲ
1197 2135 1276 2169 Deo
1289 2133 1435 2172 electum
1461 2132 1636 2172 meminit,
1661 2128 1841 2177 effecitque
1857 2154 1869 2174 ,
1894 2128 2112 2214 utJol'ephus
2132 2132 2273 2178 Coppa,
2285 2130 2394 2166 Casa-

268 2181 383 2223 lenfis,
394 2180 700 2222 Conservatorium
715 2180 850 2217 nomini
863 2179 921 2230 huj
929 2192 966 2215 us
983 2179 1104 2218 Sana?
1117 2182 1258 2218 Sacrum
1271 2194 1334 2230 pro
1358 2182 1481 2228 puellis
1493 2179 1659 2228 orphanis
1684 2180 1718 2213 in
1735 2179 1841 2225 patria
1874 2177 1934 2212 fun
1959 2179 2088 2216 averit.

375 2229 536 2275 ingenita
558 2228 621 2265 fuit
647 2229 853 2280 Hyacinthe
869 2228 976 2274 pietas
991 2251 1005 2271 ,
1029 2242 1114 2277 erga
1142 2232 1188 2266 D.
1201 2232 1366 2268 carolum
1396 2232 1628 2267 Borromaeum
1644 2252 1655 2271 ‚
1682 2227 1717 2263 8(
1735 2226 1958 2274 Seraphicum
1984 2229 2120 2265 Patrem
2149 2228 2392 2271 franciscum,

264 2290 342 2331 quae
357 2283 391 2316 &
406 2279 516 2315 ‘illum
530 2277 699 2326 impulit,
725 2287 763 2316 ut
784 2289 844 2314 eos
856 2277 899 2314 ab
917 2277 1072 2315 Urbibus
1086 2279 1120 2315 8(
1141 2279 1296 2327 Oppidis
1317 2280 1351 2316 in
1367 2281 1535 2315 Patronus
1549 2279 1731 2316 Tutelares
1753 2276 1875 2322 seligi,
1902 2287 2093 2324 eorumque
2110 2278 2248 2316 Statuas
2273 2279 2311 2313 in
2327 2276 2394 2313 Ec-

267 2328 379 2365 clefiis
399 2328 565 2367 collocari
581 2328 734 2367 suaderet
749 2353 759 2364 .
785 2328 865 2365 Nec
886 2325 972 2362 stitit
995 2326 1030 2363 in
1043 2327 1182 2366 interno
1201 2326 1326 2365 affeetu
1351 2327 1500 2364 devotio
1515 2350 1528 2370 ,
1550 2338 1619 2374 qua
1647 2326 1734 2361 DD.
1750 2325 1946 2374 Philippum
1975 2327 2123 2363 Nerium
2139 2351 2152 2371 ,
2176 2326 2210 2362 8(
2224 2327 2392 2372 Hyacin-

265 2378 362 2414 thum
378 2377 511 2418 coluit,
541 2377 598 2415 sed
619 2378 771 2426 &opere
791 2388 865 2413 earn
887 2374 1042 2412 firmavit
1056 2388 1221 2427 externo,
1272 2379 1375 2416 rimo,
1392 2379 1527 2415 Domos
1549 2373 1726 2412 Bruxellis
1741 2397 1751 2412 ‚
1775 2376 1929 2412 Mantuae
1943 2399 1956 2418 ,
1981 2375 2015 2411 Se
2041 2376 2079 2413 in
2103 2377 2211 2423 patria
2231 2375 2393 2413 &caon-

261 2425 347 2462 strui
375 2426 526 2463 curando
543 2452 554 2468 ,
577 2426 718 2464 alterius
740 2427 872 2465 cultum
895 2424 1019 2464 altiore
1032 2426 1151 2464 Officii
1165 2426 1283 2463 ritum
1295 2429 1407 2465 Curia
1423 2428 1580 2463 Romana
1593 2425 1850 2472 promovendo,
1872 2436 1912 2462 ac
1926 2424 2104 2475 utriusque
2123 2424 2300 2462 Virtutem
2321 2424 2393 2462 stu·

262 2475 358 2513 diosa
372 2475 560 2512 imitatione
572 2476 765 2513 aemulando
774 2500 785 2513 .
2392 2477 2396 2481 ’

360 2526 516 2572 Tempus
531 2525 698 2561 Orationi
718 2523 884 2573 superstes
894 2522 931 2558 in
945 2523 1138 2561 Conventu
1162 2525 1276 2562 labori
1303 2525 1368 2562 fuit
1392 2519 1603 2573 impensum:
1625 2522 1687 2559 vili
1711 2522 1790 2559 otio
1811 2523 1923 2559 tabuit
1946 2534 2117 2572 nunquam
2147 2523 2392 2572 Hyacinthus,

262 2572 325 2610 sed
346 2573 430 2610 dum
441 2585 483 2610 os
498 2573 532 2608 &
555 2586 615 2612 cor
635 2573 728 2611 filuit
739 2600 750 2616 ‚
775 2575 929 2611 calamus
943 2573 1113 2611 laboravit
1128 2597 1142 2619 ,
1167 2575 1246 2617 hinc
1257 2576 1300 2612 ab
1311 2587 1356 2617 eo
1367 2577 1504 2614 varium
1519 2572 1570 2612 sui
1581 2572 1681 2613 studii
1695 2572 1858 2614 habemus
1870 2571 1994 2610 foetum
2006 2596 2020 2619 ,
2047 2583 2121 2612 tum
2138 2573 2229 2626 typis
2246 2573 2365 2611 cusum
2375 2599 2391 2617 ‚

262 2630 333 2661 tum
350 2634 454 2660 manu
475 2623 635 2672 scriptum
649 2647 660 2660 .
688 2625 744 2660 De
772 2631 860 2675 typo
874 2621 1020 2660 habetur
1033 2647 1044 2660 .

354 2720 481 2770 Censor
497 2719 715 2771 Christianus
733 2719 776 2757 de
796 2719 915 2758 Italico
926 2720 965 2756 in
977 2718 1151 2762 Gallicum
1178 2722 1306 2761 idioma
1319 2734 1382 2761 ver
1378 2722 1442 2774 sus
1457 2725 1466 2762 4

359 2769 546 2807 Trattcnus
574 2770 616 2808 de
638 2770 852 2819 Paupertate
867 2769 1064 2819 Religiosa.

361 2812 671 2868 Confiderationes'
678 2818 720 2855 de
733 2818 952 2868 deformitate
971 2819 1207 2868 &gravitate
1216 2821 1352 2870 peccati
1368 2845 1380 2858 .

355 2867 571 2906 Documenta
597 2867 704 2906 utih’a
718 2867 761 2909 ρξ’
774 2865 958 2920 neceffaria
979 2870 1092 2905 variis
1108 2869 1281 2908 hominum
1302 2870 1474 2922 statibus,
1498 2871 1542 2914 ὼ·
1561 2870 1819 2910 conditionibus
1832 2898 1843 2911 .

266 2967 295 3009 S
356 2916 484 3008 gratio
507 2918 546 2958 in
560 2916 696 2958 laudem
725 2917 765 2959 S·
781 2916 901 2960 Caroli
916 2917 1101 2959 Borromaei
1122 2920 1163 2957 in
1176 2918 1453 2970 Metropolitum
1476 2919 1724 2974 Mediolanensi
1743 2921 1864 2960 habita
1885 2921 1954 2964 die,
1967 2918 2091 2962 San‘c'io
2105 2915 2385 2966 :Archieptfi-opo

297 2977 358 3006 aer
393 2992 404 3007 ο

257 3064 340 3102 Alia
361 3077 464 3112 opera
478 3078 578 3105 manu
597 3067 754 3109 exarata,
767 3078 843 3116 quae
855 3066 891 3105 iu
903 3065 1065 3106 Archivis
1081 3067 1197 3110 illust.
1211 3070 1301 3107 DD.
1319 3069 1559 3108 Marchionum
1572 3070 1682 3107 Natta
1693 3092 1709 3114 ‚
1731 3068 1768 3107 ἃ(
1783 3069 1866 3109 RR.
1886 3071 2028 3107 Patrum
2041 3064 2206 3107 Oratorii
2218 3063 2386 3102 Civitatis

259 3114 444 3153 Casalenfis
455 3115 718 3162 conservantur,
753 3118 831 3155 sunt
2443 3121 2447 3126 ’

269 3212 801 3361 Μονξζὲἶέᾗὲηέἔὲᾇξῖψ
814 3263 1114 3316 Jurisprudentiae
1133 3265 1315 3306 Canontcae
1328 3267 1373 3314 ὡ·
1398 3265 1558 3314 Civilis,
1580 3279 1642 3308 nec
1668 3279 1739 3306 non
1765 3266 1953 3316 Theologt'ae
1974 3267 2125 3318 positiva
2149 3263 2383 3316 Scholastica,

368 3358 573 3407 Fragmenta
589 3372 809 3413 conceptuum
821 3362 1120 3414 praedicabilium:

275 3506 289 3518 υ
367 3454 546 3515 Virtutem
560 3458 604 3494 ita
622 3460 741 3499 sanae
765 3463 942 3502 fundatam
958 3490 969 3507 ,
993 3465 1030 3502 &
1054 3464 1100 3502 ita
1113 3463 1263 3511 provide
1281 3465 1445 3503 munitam
1464 3467 1654 3513 complevit
1677 3467 1896 3516 Hyacinthus
1914 3466 2046 3504 corona
2068 3461 2282 3501 charitatis.
2308 3454 2387 3496 Sibi

275 3506 339 3564 ¹135
367 3506 449 3542 0¹¹¹¹¹
465 3506 731 3554 ¹¹¹d¹8¹⁸²bs¹tu½
755 3513 835 3550 dum
858 3516 961 3551 verba
982 3513 1096 3555 Vivat
1107 3514 1206 3552 Fides
1218 3540 1232 3559 ,
1258 3516 1363 3553 vivat
1380 3527 1473 3552 amor
1496 3516 1585 3557 Dei.
1607 3518 1732 3554 cortici
1757 3516 1940 3555 cucurbitae
1953 3513 2053 3551 incisa
2065 3537 2080 3557 ,
2104 3515 2138 3547 in
2150 3512 2249 3547 flores
2264 3517 2386 3545 excre-

273 3555 361 3592 vrffe
389 3552 462 3603 post
483 3566 612 3612 paucos
637 3557 707 3594 dies
723 3560 813 3598 vidit
827 3589 837 3604 ‚
862 3565 1014 3610 dumque
1034 3561 1246 3601 Charitatem
1265 3564 1299 3600 in
1319 3575 1354 3601 re
1379 3564 1562 3602 inanimata
1582 3565 1730 3603 crescere
1754 3564 1882 3611 stupuit
1896 3590 1904 3603 ,
1930 3565 1966 3600 in
1989 3562 2097 3601 corde
2115 3559 2177 3596 suo
2197 3559 2290 3597 illam
2310 3558 2386 3591 lan-

274 3615 383 3652 guere
397 3613 533 3660 poetica
555 3607 576 3640 a
602 3604 632 3638 sc
646 3605 732 3642 fabia
751 3610 918 3648 cantilena
938 3613 1130 3660 ingemuit,
1157 3613 1364 3661 stimuloque
1391 3613 1583 3661 tibimetipsi
1610 3614 1692 3651 dato
1709 3613 1903 3652 exarator-es
1914 3611 2102 3649 charitatis
2124 3607 2322 3661 exercendae
2338 3604 2388 3639 le·

270 3663 333 3698 8‘38
360 3651 418 3710 s¹b¹
444 3652 664 3709 Pfoes‘ff'pffjt·
702 3656 891 3712 i’erfcstam
913 3662 1000 3699 hanc
1019 3663 1054 3698 in
1080 3663 1142 3699 illo
1161 3661 1291 3698 nituiffe
1303 3663 1550 3706 convincitur,
1575 3663 1777 3712 quicunque
1802 3672 1876 3698 eam
1899 3661 2045 3698 dotibus
2067 3683 2080 3702 ,
2101 3669 2187 3704 quas
2214 3653 2383 3699 Magrstet

273 3711 430 3757 gen-uum
454 3702 584 3756 Pnultjs
609 3714 643 3735 m
658 3704 754 3748 epist·
773 3717 801 3741 r.
822 3709 865 3743 ad
878 3710 1014 3747 Corint.
1039 3721 1137 3758 c-13.
1157 3711 1302 3747 recenset
1317 3735 1325 3750 ‚
1350 3712 1544 3758 insignitam
1559 3711 1656 3749 fuisse
1670 3737 1683 3756 ,
1708 3725 1753 3750 ex
1774 3710 1852 3751 serie
1879 3709 1960 3746 vitae
1992 3706 2137 3744 reflesstit
2155 3717 2168 3746 3
2196 3718 2256 3743 nec
2270 3711 2385 3760 ’90¹3‘

269 3759 320 3786 rat
339 3753 396 3786 nlla
414 3747 477 3784 effe
491 3760 619 3796 major,
645 3761 720 3787 cum
746 3755 891 3791 animam
917 3757 1006 3795 suam
1029 3771 1093 3808 pro
1105 3759 1221 3797 amicis
1234 3760 1430 3798 &inimicis
1449 3760 1602 3808 ponendi
1627 3772 1683 3808 par
1698 3762 1733 3798 in
1744 3763 1809 3800 illo
1835 3758 1937 3795 fuerit
1959 3756 2089 3804 cupido
2103 3779 2116 3800 ›
2141 3766 2183 3792 ³0
2196 3754 2360 3790 m0¹¹me¹¹
2373 3773 2384 3783 ‘

362 3797 401 3835 ¹¹¹
413 3808 538 3835 ‘smum
552 3797 652 3847 9¹⁰3ss
665 3801 820 3850 quaefiere
835 3803 1013 3847 Virtutem
1032 3808 1136 3848 tanti>
1158 3808 1337 3848 sublimem
1351 3808 1474 3850 invido
1488 3808 1603 3848 morsu
1617 3811 1762 3851 lacerare
1783 3812 1826 3851 ii.
1852 3819 1999 3859 quotum
2015 3804 2104 3843 labia
2128 3803 2222 3841 fuere
2231 3798 2386 3887 §algst-
