2618 4108
261 329 373 375 illam
390 243 472 383 ,3&
498 330 789 379 Conventnm3
814 341 859 370 ac
874 325 1041 370 aedificia
1066 331 1200 371 omnia
1223 326 1300 370 de-

263 392 397 434 moliri
415 417 431 440 ,
458 391 497 431 &
512 389 596 429 solo
614 387 766 443 aequari
787 384 924 430 facere
938 415 952 437 ,
979 383 1147 443 ipsisque
1161 390 1297 430 Guar-

259 450 412 499 diano,
445 450 481 489 &
506 447 720 490 Fratribus
744 458 1001 502 quaecumque
1031 457 1266 503 paramenta
1282 473 1301 497 ,

259 512 301 552 &
325 517 588 552 ornamenta,
617 520 661 548 ac
679 505 778 548 alias
807 519 872 547 res
899 504 1226 558 Ecclefiasticas,
1257 506 1297 547 δε

260 568 312 611 ad
331 567 523 609 Divinum
543 565 721 607 Cultum
743 564 1055 619 pertinentes,in
1074 567 1232 616 Domo,
1258 565 1299 606 ὅτ.

259 625 441 670 Ecclelia
458 621 685 680 hujusmodi
713 623 1001 672 existentes2ad
1020 626 1198 668 Domum
1214 623 1295 682 jam

261 684 438 728 construi
454 685 494 726 in
509 683 616 725 dicta
630 683 817 725 Civitate
835 692 1016 739 coeptam
1033 683 1293 739 exportandi,

258 759 306 787 ac
321 745 459 786 locum
473 743 538 794 ‚&
557 743 675 785 situm
691 742 804 785 dieta
820 739 991 794 Domfis,
1006 756 1051 784 ac
1068 742 1178 786 illius
1190 745 1294 786 Coe-

257 802 422 846 meterii
439 815 517 844 non
535 802 792 853 consecrati,
826 815 903 844 nec
918 815 997 844 non
1015 800 1180 844 aedificia
1196 815 1296 857 prae-

257 862 363 904 dicta
388 860 570 918 personis
589 860 678 916 plus
695 859 963 905 offerentibus
978 887 992 910 ‚
1023 861 1064 902 &
1081 861 1295 904 meliorem

259 921 543 964 conditionem
557 918 822 963 offerentibus
835 919 1023 976 publice,
1039 921 1079 962 δι
1093 919 1142 962 ad
1159 922 1294 962 incan-

260 989 348 1033 tum
365 1009 379 1032 ,
407 994 454 1024 ac
470 1008 484 1032 ‚
497 988 618 1035 prout
641 978 784 1022 melius
800 1006 815 1031 ‚
835 980 874 1021 &
890 978 1031 1022 utilius
1058 977 1293 1029 videbitur,

256 1038 495 1087 vendendi,
517 1039 557 1080 &
569 1038 750 1095 pretinm
767 1051 820 1082 ex
838 1037 1076 1081 venditione
1092 1036 1293 1095 hujusmo-

256 1099 300 1142 di
323 1098 567 1154 proveniens
593 1097 632 1140 in
657 1095 955 1154 perfestionem
978 1095 1092 1140 dic'tae
1108 1100 1262 1141 Domus
1277 1126 1292 1149 ,

259 1157 340 1214 jam
354 1155 531 1200 construi
552 1167 727 1212 coeptae,
753 1155 1055 1208 convertendi,
1080 1171 1126 1199 ac
1153 1157 1294 1200 instru-

259 1226 398 1259 menta
423 1213 599 1271 desuper
624 1212 839 1259 necessaria
861 1216 901 1257 δι
923 1225 1153 1272 opportuna
1179 1215 1292 1259 cele—

258 1275 423 1327 brandi,
438 1274 644 1316 licentiam
658 1276 696 1315 &
714 1272 952 1318 facultatem
967 1273 1214 1325 concedere,
1227 1287 1290 1316 au.

258 1334 452 1377 &oritate
467 1332 599 1375 nostra
616 1333 770 1375 curetis
785 1361 798 1374 .
830 1335 926 1375 Non
939 1332 1188 1375 obstantibus
1213 1330 1284 1374 fel.

256 1406 343 1437 rec.
360 1390 476 1436 Pauli
493 1393 607 1445 Papae
623 1393 678 1433 11.
699 1388 1005 1434 Praedecess‘oris
1032 1391 1169 1434 Nostri
1183 1390 1291 1435 du

252 1452 380 1496 rebus
400 1448 588 1493 Ecclefiae
610 1462 694 1493 non
720 1448 977 1501 alienandis,
1002 1450 1042 1491 &
1056 1449 1164 1492 male
1191 1447 1295 1492 alie-

257 1512 361 1555 natis
387 1507 712 1564 recuperamus,
736 1510 777 1551 &
801 1506 889 1551 aliis
906 1508 1149 1565 Apostolicis
1173 1510 1292 1551 Con-

259 1567 538 1614 stitutionibus
564 1569 600 1610 &
617 1567 980 1617 OrdinationibuS,
1011 1582 1057 1611 ac
1075 1565 1230 1610 Domus
1254 1568 1292 1608 &

256 1628 425 1672 Ordinis
450 1624 707 1682 praefatorum
732 1626 993 1683 juramento,
1014 1625 1296 1670 confirmatio·

260 1702 313 1731 ne
330 1685 562 1743 Apostolica
576 1715 591 1738 ,
620 1684 688 1728 vel
705 1685 847 1742 quavis
863 1684 1059 1728 firmitate
1076 1685 1153 1729 alia
1169 1686 1294 1729 robo-

261 1747 357 1790 ratis
384 1745 563 1796 statutis,
589 1746 629 1786 &
655 1743 1010 1788 consuetudinibus
1027 1772 1040 1795 ,
1071 1744 1294 1799 privilegiis

262 1818 458 1863 quoque,
484 1802 679 1854 indultis,
703 1816 748 1845 ac
775 1803 927 1845 litteris
944 1802 1292 1859 ApostolicisvDo·

259 1863 344 1907 mui
366 1865 405 1905 &
418 1862 566 1905 Ordini
586 1860 760 1918 praefatis
775 1891 789 1914 ,
805 1861 1052 1918 illorumque
1063 1861 1295 1918 ,Superiori-

259 1925 337 1967 bus
353 1951 366 1974 ,
395 1923 435 1964 δε
448 1917 628 1979 personis
643 1919 712 1964 sub
731 1920 1052 1978 quibuscumque
1067 1920 1291 1973 tenoribus,

260 1982 403 2024 formis
419 2010 433 2033 ,
455 1995 501 2023 ac
521 1993 616 2022 cum
630 1978 832 2036 quibusvis
846 1979 1034 2024 clausulis
1049 1981 1090 2022 δι
1107 1979 1289 2023 decretis

259 2043 300 2084 in
317 2054 466 2096 genere
482 2038 548 2081 vel
564 2039 604 2081 in
618 2038 779 2095 specie,
805 2054 850 2083 ac
867 2039 965 2084 alias
981 2039 1018 2081 in
1036 2039 1286 2082 contrarium

257 2098 570 2158 quomodolibet
584 2097 774 2140 conceffis
788 2128 805 2150 ,
829 2099 1062 2155 approbatis
1075 2125 1090 2149 ‚
1112 2099 1152 2140 δι
1172 2098 1289 2140 inno-

260 2158 363 2202 vatis
375 2188 388 2198 .
411 2157 571 2214 Qibus
585 2156 870 2207 omnibus,illis
885 2158 981 2202 aliis
997 2158 1037 2201 in
1056 2156 1125 2201 suo
1141 2157 1291 2201 robore

264 2216 536 2273 permansuris
551 2246 567 2268 ,
601 2217 674 2259 hac
692 2217 781 2258 vice
799 2216 1013 2260 dumtaxat
1033 2215 1265 2273 specialiter
1280 2245 1294 2268 ,

260 2279 299 2319 &
318 2275 507 2331 expresse
523 2275 792 2332 derogamus,
814 2276 1061 2335 coeterisque
1079 2275 1293 2319 contrariis

259 2332 566 2393 quibuscunque
580 2362 594 2375 .

269 2413 271 2415 ·
321 2397 473 2438 Datum
503 2395 645 2436 Romae
660 2393 766 2451 apud
793 2397 835 2438 S.
849 2395 1018 2437 Petrum
1039 2394 1108 2437 sub
1126 2393 1295 2438 Annulo

265 2451 487 2499 Piscatoris
501 2451 569 2495 die
582 2466 679 2495 xvx.
691 2456 783 2511 Jun.
797 2467 1004 2500 MDLXXW·
1020 2453 1293 2498 Pontificatus

264 2510 394 2557 nostri
419 2511 541 2555 Anno
556 2512 682 2554 tertio
695 2540 708 2554 .

320 2634 382 2675 Ex
404 2632 575 2684 Autogr.
599 2632 832 2673 secretaria
856 2634 970 2675 Brev-
992 2630 1125 2691 Apost.
1143 2629 1298 2688 Regesso

384 2687 503 2746 merges:
524 2687 578 2739 ὠ·
593 2690 690 2731 anni
699 2687 914 2749 prad-fol.
931 2702 1024 2748 149.

265 3038 395 3087 Duas
424 3034 654 3084 Moniales
685 3034 710 3084 ὲ
740 3035 1025 3087 Monasterio
1054 3042 1104 3090 S.
1134 3038 1299 3090 Barba-

332 3124 393 3156 rae
434 3105 729 3166 Mediolani,
764 3107 823 3157 ad
858 3125 1033 3160 novum
1071 3110 1301 3161 Monaste·

333 3178 454 3227 rium
474 3178 818 3244 Capucinarum
843 3181 1063 3231 Civitatis
1091 3179 1300 3231 Casalen·

335 3243 392 3297 fis
418 3263 502 3313 pro
528 3247 658 3309 hujus
681 3249 909 3317 gubernio
934 3248 984 3302 ὅ(
1009 3250 1300 3303 instruc'tione

337 3313 569 3365 transferri
598 3352 616 3375 ,
661 3319 1023 3392 Archiepiscopo
1068 3321 1299 3384 Mediola7

337 3383 461 3435 nenfi
488 3385 579 3439 διε.
591 3391 876 3442 committit.

1044 3541 1271 3606 ΝΟ

1025 274 1031 279 -
1097 204 1568 299 Cufi-o'dia

1369 326 1588 371 Venerabile·
1614 325 1762 368 Fratri
1778 319 2072 380 ArchIcpilbopo
2090 325 2394 385 Mediolanerfi,

1460 385 1537 445 stu
1550 382 1706 427 Ditem
1722 382 1822 426 Filio
1837 382 1915 439 ejus
1937 384 2086 426 Vicario
2099 382 2278 444 inspiri-

1671 442 1847 486 tualibus
1873 442 2060 485 Generali
2074 471 2087 485 .

1360 562 1884 619 PAULUS
1972 565 2392 620 PAPAVV.

1365 681 1601 728 Venerabilis
1626 684 1777 725 Frater
1798 709 1814 733 ,
1833 679 1923 738 five
1938 681 2092 725 vilem
2119 681 2204 727 Fili
2220 681 2396 742 salutem

1549 741 1599 789 ὅ
1615 739 1873 798 qustolicam
1887 740 2211 786 Benedifflonem.

1372 859 1374 862 ’
1458 860 1671 918 Xpofitum
1689 858 1819 903 Nobis
1835 873 1965 916 nuper
1979 859 2053 905 fuit
2071 861 2232 906 nomine
2247 862 2390 905 Vena-1

1484 921 1624 963 rabilis
1644 919 1794 963 Fratris
1812 919 2148 978 Tullii,Episcopi
2167 919 2358 965 Casalen.
2371 947 2389 969 2

1355 980 1464 1037 quod
1480 981 1560 1037 ipse
1575 992 1702 1023 unum
1719 978 1961 1021 Monialium
1975 981 2276 1035 Capucinarum
2292 994 2391 1022 nun-

1354 1050 1592 1096 cupatarum
1610 1036 1898 1082 Monasterium
1923 1038 1961 1080 in
1974 1037 2161 1082 Civitate
2181 1039 2395 1083 Casalenst

1357 1097 1543 1142 fundavit
1554 1129 1569 1150 ,
1583 1099 1622 1140 &
1637 1111 1712 1155 pro
1727 1095 1908 1153 ejusdem
1921 1096 2158 1141 Monasterii
2174 1096 2397 1155 gubernio,

1352 1160 1391 1201 8(
1415 1158 1655 1202 Monialium
1676 1153 2073 1199 introducendarum
2101 1155 2364 1200 instructione
2377 1175 2396 1208 3

1351 1217 1451 1260 duas
1468 1216 1650 1274 ejusdem
1662 1214 2275 1259 OrdinisMonialesMonallerii
2293 1218 2398 1259 San-

1352 1279 1420 1319 &ae
1438 1276 1620 1319 Barbara:
1648 1273 1927 1317 Mediolanen.
1946 1273 1995 1316 ad
2020 1277 2186 1317 noviter
2201 1275 2392 1318 erectum

1354 1335 1638 1379 Monasserium
1655 1331 1879 1389 hujusmodi
1899 1333 2114 1375 transferri
2130 1333 2241 1390 cupit
2258 1345 2274 1386 ς,
2295 1331 2395 1375 ideo

1352 1395 1481 1438 Nobis
1497 1393 1676 1452 ejusdem
1691 1390 1815 1434 Tullii
1835 1392 2020 1448 Episcopi
2035 1394 2207 1434 nornine·
2219 1390 2293 1434 fuit
2311 1393 2388 1435 hu-

1358 1452 1512 1496 militer
1547 1450 1814 1508 supplicatum
1833 1477 1847 1501 ,
1886 1461 1932 1493 ut
1964 1463 2234 1506 opportunam
2269 1449 2390 1507 super

1354 1510 1555 1567 praemiffis
1578 1509 1787 1554 licentiam
1803 1507 2063 1559 concedere,
2086 1510 2140 1553 de
2157 1509 2391 1566 benignita-j

1358 1579 1399 1613 te
1417 1570 1655 1627 Apostolica
1672 1567 1934 1623 dignaremur
1946 1596 1958 1609 .

1418 1633 1507 1674 Nos
1543 1629 1667 1686 igitur
1697 1625 1877 1682 ejusdem
1894 1625 2022 1670 Tullii
2042 1627 2229 1684 Episcopi
2256 1627 2363 1671 votis
2380 1608 2403 1679 ,-

1357 1699 1553 1747 quantum
1569 1702 1662 1730 cum
1680 1686 1861 1728 Domino
1886 1684 2084 1742 possumus
2099 1714 2112 1737 ,
2129 1699 2362 1738 annuere-2
2374 1715 2392 1738 ,

1355 1747 1564 1805 ipsumque
1593 1744 1834 1804 specialibus
1859 1746 1935 1789 &c.
1961 1745 2178 1798 volentes,
2209 1747 2248 1787 &
2265 1748 2285 1787 a
2304 1745 2395 1802 qui-

1357 1806 1486 1850 busvis
1502 1809 1582 1850 &c.
1609 1803 1822 1849 censentes
1839 1834 1853 1857 ,
1880 1803 2104 1862 hujusmodi
2128 1804 2393 1861 supplicatio?

1354 1867 1472 1911 nibus
1489 1864 1700 1915 inclinati,
1718 1865 1986 1907 Fraternitati
2002 1865 2112 1915 Tute,
2128 1867 2272 1907 Frater
2284 1858 2399 1920 Epist

1353 1941 1454 1982 cope
1468 1956 1484 1978 ,
1508 1925 1574 1968 seu
1596 1922 1844 1968 Discretioni
1864 1925 1956 1967 Tuae
1971 1951 1984 1975 ,
2013 1923 2088 1965 Fili
2109 1922 2299 1975 vicarie,
2321 1934 2396 1976 per

1351 1987 1568 2041 praesentes
1584 1982 1879 2026 committimus
1892 1983 1931 2023 &
1948 1981 2092 2023 manda
2102 1986 2188 2024 mus
2199 2012 2214 2036 ,
2228 1993 2272 2025 ut
2291 1981 2395 2025 dua-⁴

1349 2044 1423 2087 bus
1439 2038 1886 2097 Monialibus,ejusdem
1902 2040 2133 2083 Monasterii
2150 2042 2396 2093 S.Barbarae,

1348 2113 1472 2154 aetate
1485 2102 1674 2159 gravibus
1685 2113 1811 2156 ,quas
1825 2099 1875 2142 ad
1892 2098 2119 2157 hujusmodi
2137 2114 2278 2142 munus
2295 2098 2387 2150 idoq

1353 2175 1448 2206 neas
1463 2163 1504 2205 δι
1520 2159 1764 2204 voluntarias
1782 2155 1860 2200 else
1875 2159 2080 2214 repereris
2091 2185 2105 2206 ‚
2120 2158 2227 2216 quod
2244 2162 2267 2203 a
2282 2161 2388 2213 praei

1354 2222 1462 2264 disto
1481 2219 1729 2265 Monasterio
1744 2246 1760 2270 ‚
1789 2218 1830 2259 in
1848 2231 1930 2275 quo
1945 2215 2231 2273 professionem
2245 2214 2395 2263 emisa-,-

1355 2289 1480 2334 runt',
1509 2282 1559 2325 ad
1578 2281 1726 2323 novum
1751 2274 2040 2320 Monasterium
2065 2279 2089 2321 a
2114 2277 2226 2320 dicto
2248 2274 2395 2319 Tullio

1355 2340 1557 2397 Episcopo
1575 2342 1786 2388 ereetum,
1813 2335 2036 2379 dummodo
2052 2334 2160 2378 ret‘tai
2187 2335 2250 2379 via
2265 2365 2282 2386 ‚
2309 2336 2349 2377 &
2362 2334 2389 2377 ἃ.

1353 2400 1553 2445 Matronis
1584 2396 1758 2441 honestis
1792 2392 1988 2438 affociatae
2017 2397 2114 2438 illuc
2147 2395 2352 2439 accedant
2364 2421 2382 2447 ,

1355 2460 1523 2503 transire
1539 2456 1680 2514 poffint
1693 2484 1707 2507 ‚
1730 2455 1972 2499 auctoritate
1989 2456 2134 2498 Nostra
2149 2453 2394 2507 Apostolica'

1361 2518 1571 2561 licentiam
1601 2518 1642 2558 δι
1668 2513 1904 2557 facultatem
1926 2514 2155 2556 concedas.
2190 2512 2394 2556 Volumus

1357 2586 1491 2622 autem
1508 2604 1522 2628 ‚
1551 2585 1595 2619 ut
1625 2576 1797 2630 ipsarum
1814 2572 2048 2616 Monialium
2075 2575 2127 2615 fic
2143 2568 2398 2615 transferen-

1356 2636 1499 2679 darum
1514 2630 1781 2687 eleemosynae
1806 2629 1966 2673 dotales
1983 2631 2159 2675 secundo
2173 2631 2284 2672 dicto
2300 2633 2396 2674 Mos

1357 2694 1533 2739 nasterio
1545 2721 1560 2744 ‚
1589 2690 1978 2745 etiamfi,antequam
1992 2691 2041 2735 ad
2059 2691 2160 2734 illud
2178 2698 2394 2733 revertan-

1356 2763 1424 2797 tur
1436 2783 1451 2807 ,
1477 2767 1545 2796 eas
1562 2752 1600 2797 in
1615 2751 1723 2794 dieto
1739 2749 1984 2792 monasterio
1998 2750 2207 2794 decedere
2229 2748 2394 2794 continq

1358 2821 1452 2872 gat,
1468 2821 1728 2855 remaneant.
1747 2811 1839 2850 Non
1855 2807 2103 2853 obstantibus
2121 2813 2211 2853 Con
2219 2806 2388 2850 stitutio-

1358 2873 1475 2916 nibus
1491 2873 1528 2914 8(
1544 2865 1880 2913 Ordinationibus
1894 2867 2132 2924 Apostolicis
2146 2895 2161 2919 ‚
2186 2880 2233 2910 ac
2250 2869 2391 2908 Mona·-

1356 2931 1569 2974 steriorum
1592 2931 1631 2972 &
1655 2925 1826 2971 Ordinis
1843 2926 2154 2981 praedictorum,
2179 2925 2304 2967 etiam
2321 2921 2389 2979 ju-

1359 3000 1546 3035 ramento
1559 2990 1632 3030 διο.
1648 2984 1850 3031 roboratis
1866 2984 1915 3026 sta
1923 2984 2020 3027 tutis
2028 3015 2045 3037 ,
2065 2987 2103 3027 &
2121 2980 2388 3027 consuetudi-

1361 3051 1504 3099 nibus,
1532 3047 1782 3101 coeterisque
1797 3043 2011 3085 contrariis
2039 3043 2358 3099 quibuscumque
2376 3069 2391 3083 .

1361 3111 1514 3159 Datum
1531 3104 1698 3149 Tusculi
1715 3102 1786 3144 sub
1800 3099 1964 3142 Annulo
1983 3102 2198 3146 piscatoris
2214 3100 2282 3144 die
2297 3110 2392 3143 xm

1359 3165 1548 3211 octobris
1580 3180 1614 3209 M
1631 3180 1660 3208 o
1677 3178 1702 3206 c
1715 3175 1754 3205 x.
1788 3158 2056 3206 Pontificatus
2098 3159 2238 3206 Nostri
2268 3161 2395 3205 Anno

1360 3226 1475 3271 sexto
1487 3256 1499 3269 .

1416 3347 1478 3390 Ex
1492 3347 1612 3392 Arch.
1628 3347 1771 3387 Secret-
1796 3348 1913 3386 Brev.
1932 3338 2236 3400 Apostolicorum
2258 3334 2394 3393 regest,

1473 3405 1606 3464 mensis
1623 3403 1671 3453 θ’
1690 3406 1786 3447 anni
1797 3402 1927 3462 praed.

1362 3540 1620 3606 TA.

274 3678 597 3768 MOnasterium
620 3685 816 3743 praedii-'ium
830 3689 1037 3734 pbtlffimum
1061 3702 1152 3738 opus
1170 3690 1429 3738 Capucinorum
1441 3690 1505 3729 effe
1523 3690 1676 3728 &teneri
1688 3689 1808 3728 debere
1821 3711 1835 3734 ,
1861 3687 1985 3734 probat
2006 3683 2077 3732 ipsa
2099 3682 2196 3720 illius
2217 3680 2394 3726 fundatio.

406 3732 560 3770 extraria
572 3746 618 3771 ex
631 3737 722 3772 libro
738 3736 981 3775 Memoriarum
996 3764 1006 3781 ,
1031 3740 1202 3777 reservato
1217 3741 1250 3777 in
1264 3741 1385 3778 eodem
1399 3741 1656 3788 Capucinarum
1682 3737 1891 3775 Monasterio
1905 3759 1920 3781 ,
1948 3745 1985 3772 ut
2008 3733 2161 3782 sequitur
2178 3759 2187 3768 .

372 3781 411 3816 ln
432 3780 556 3818 Castro
571 3783 727 3819 Montilii
755 3795 842 3821 anno
865 3788 967 3834 1609.
992 3789 1210 3826 morabamur
1236 3789 1312 3825 duae
1329 3790 1525 3832 Matrona,
1548 3799 1693 3835 quarum
1715 3798 1779 3823 uun
1799 3785 1892 3834 Iulia
1906 3808 1918 3827 ,
1948 3786 1967 3820 a
1996 3782 2208 3822 Pralorm03
2231 3779 2393 3817 Comita³

273 3828 327 3866 tris
345 3827 494 3867 Astenfis
512 3831 592 3868 loco
607 3855 621 3878 ,
645 3844 688 3872 ex
708 3833 818 3883 nobili
838 3834 1030 3887 Roerotum
1053 3837 1221 3889 Familia,
1243 3838 1351 3888 altera
1372 3838 1460 3889 verb
1482 3838 1628 3879 Barbara
1655 3834 1830 3881 Meneni
1851 3836 1872 3872 ὲ
1886 3832 1995 3874 Casuli
2008 3855 2022 3883 ‚
2045 3841 2091 3870 ex
2112 3831 2207 3879 claro
2223 3830 2390 3867 Domino·

2265 3887 2340 3915 [um
