2618 4108
842 249 1679 371 Monferratenfis.

2090 282 2254 368 273

198 364 228 408 ti
245 365 821 425 Germaniae,&periclitanti
837 370 1046 426 Religioni
1064 382 1176 413 tanta
1193 373 1235 415 in
1295 389 1380 417 mus
1407 373 1458 415 ad
1490 371 1646 416 causam
1679 370 1787 424 Dei,
1822 371 1863 415 δι
1891 371 2055 430 Imperii
2086 373 2329 428 dignitatem

200 427 337 471 Domo
366 428 655 471 Fraternitatis
683 429 776 471 Tuae
803 428 978 484 praelidia
1000 429 1236 476 constituit..
1296 434 1526 477 constanter
1550 432 1774 475 tuendam.
1808 432 1872 474 En
1901 444 2061 489 tempus
2088 434 2201 474 adest
2218 460 2231 481 ,
2259 446 2343 487 quo

198 485 329 527 Novit
344 487 474 528 Orbis
503 498 711 530 terrarum
726 514 741 539 ,
766 488 806 529 δι
827 487 1079 532 historiarum
1097 503 1237 533 monu-
1292 480 1475 545 'Europae
1490 490 1690 533 testemini
1708 517 1722 540 ,
1744 494 1865 546 quam
1881 490 2046 535 invilum
2062 491 2343 534 sitGermani-

200 555 337 588 menta
354 546 635 598 testabuntur,
658 559 758 603 quas
774 545 914 589 Nobili
932 547 1242 598 Viro‚Maximi·

204 605 340 655 liano,
367 606 498 648 Fratri
514 607 606 649 Tuo
618 633 634 655 ,
663 604 847 647 victorias
864 607 1090 650 Romanum
1103 610 1241 663 Impe-

202 665 307 707 rium
333 675 523 721 acceptas
547 661 701 707 referat
721 692 733 705 .
769 665 831 705 Te
860 666 958 707 vero
985 666 1021 708 in
1035 668 1243 710 Fraternae

203 723 342 780 gloriae
365 721 601 767 societatem
615 723 837 766 Germania
855 724 1066 777 admittit,
1096 727 1243 769 Praesu-

205 783 289 825 lem
304 782 537 838 Religionis
565 780 693 824 studio
706 781 983 831 clariffimum,
1010 785 1051 825 δι
1073 782 1243 841 lingula·

208 842 319 888 ribus
333 842 546 885 virtutibus
557 840 733 883 humano
744 843 883 895 generi
895 842 1242 887 commendatum.

210 903 373 956 Perge,
399 909 526 956 atque
550 899 612 942 his
639 902 791 943 artibus
820 914 964 944 nomen
993 913 1105 944 tuum
1131 915 1243 945 com·

211 957 358 1006 menda
375 958 702 1008 immortalitati,
727 962 868 1002 animae
897 963 998 1003 verb
1011 972 1088 1006 tuae
1102 959 1247 1016 sempi-

210 1030 353 1065 ternos
367 1016 563 1061 eoelestis
575 1017 844 1062 Beatitudinis
868 1019 1118 1076 Principatus
1135 1034 1249 1062 com-

211 1090 307 1136 para
322 1105 334 1119 .
366 1076 659 1133 Augendarum
683 1080 785 1122 vero
809 1077 969 1121 laudum
994 1089 1152 1123 tuarum
1175 1092 1247 1121 oc-

210 1135 410 1182 cafionem
423 1137 654 1192 praeclaram
673 1136 848 1179 nancisci
861 1146 979 1192 potes
1000 1138 1036 1180 in
1052 1141 1251 1181 Conven-

211 1209 256 1240 tu
281 1193 565 1239 Ratisbonenfi
587 1221 604 1247 ‚
638 1195 706 1237 ubi
731 1192 936 1249 speramus
963 1195 1250 1239 fraternitatis

210 1258 311 1299 Tuae
337 1255 535 1309 pietatem
557 1281 572 1303 ,
601 1267 648 1296 ac
675 1252 933 1308 prudentiam
956 1283 972 1304 ,
1011 1268 1090 1297 non
1119 1252 1249 1296 minus

210 1312 411 1358 hereticis
434 1311 669 1354 metuendas
684 1308 775 1353 fore
801 1312 840 1354 in
855 1310 1246 1360 consultationibus,

210 1375 333 1431 quam
347 1370 498 1413 fuerint
510 1381 621 1412 arma
638 1369 812 1413 victoris
832 1371 980 1414 Fratris
995 1374 1074 1416 Tui
1091 1373 1128 1415 in
1145 1372 1247 1415 acie.

210 1434 428 1476 Paternam
467 1426 788 1471 sollicitudinem
823 1430 1011 1474 Nostram
1026 1432 1218 1476 testantes
1233 1458 1250 1480 ,

210 1487 494 1534 hortationem
525 1486 691 1543 quidem
732 1486 783 1529 ad
824 1490 888 1532 Te
921 1486 1158 1542 scribimus,
1183 1486 1250 1533 sed

212 1547 292 1601 ea,
316 1561 411 1590 cum
434 1546 602 1589 minime
615 1559 737 1603 egeas
753 1574 767 1598 ,
792 1561 872 1590 non
888 1545 998 1592 secus
1014 1578 1029 1602 ,
1055 1564 1099 1593 ac
1115 1547 1253 1592 lauda·

210 1610 327 1653 tione
353 1605 547 1649 obleetari
575 1606 756 1661 poteris.
788 1609 923 1660 Quam
938 1619 1074 1653 autem
1095 1609 1136 1652 in
1158 1620 1254 1662 per-

212 1666 344 1725 specta
359 1665 513 1722 pietate
535 1673 603 1707 tua
619 1663 726 1720 spem
750 1665 935 1709 Romana
951 1667 1131 1712 Ecclefia
1154 1678 1256 1709 con-

213 1724 393 1771 stituerit
411 1751 427 1776 ‚
453 1722 665 1779 intelliges
701 1737 752 1767 ex
779 1723 930 1768 dilecto
946 1726 1079 1779 Filio,
1114 1728 1256 1770 Fratre

219 1783 460 1842 Hyacintho
484 1812 500 1834 ,
534 1781 767 1834 casalensi,
792 1785 1033 1839 Capucino,
1059 1786 1129 1842 qui
1159 1782 1254 1826 Tibi

214 1846 288 1891 has
301 1844 461 1887 litteras
472 1839 633 1885 reddet.
650 1842 868 1886 Hominem
880 1844 1119 1889 Christianis
1135 1843 1256 1886 Prin-

213 1904 372 1961 cipibus
395 1909 538 1943 notum
551 1927 566 1952 ,
594 1901 635 1942 δι
652 1899 876 1955 Religionis
895 1904 1163 1960 propagandae
1177 1902 1257 1944 stu-

214 1963 284 2007 dio
310 1959 520 2004 celebrem
533 1986 547 2009 ,
578 1971 658 2002 non
672 1959 729 2001 est
742 1986 758 2010 ,
783 1961 891 2015 quod
906 1962 1144 2019 diligentius
1161 1959 1255 2004 Tibi

213 2018 550 2066 commendemus
564 2044 578 2058 .
613 2017 717 2059 Istuc
733 2019 844 2059 enim
866 2021 1002 2064 nostro
1015 2018 1111 2076 jussu
1130 2017 1255 2073 profi-

215 2078 383 2124 ciscitur
399 2076 572 2120 Romani
588 2074 753 2131 Imperii
770 2075 960 2134 dignitati
978 2109 991 2132 ,
1018 2081 1057 2122 &
1072 2077 1257 2132 Religio·-

215 2139 281 2185 nis
303 2135 512 2181 securitati
527 2133 811 2179 consulturus.
845 2138 894 2182 Ei
916 2151 1019 2195 ergo
1032 2137 1222 2181 eamdem
1238 2163 1254 2188 ‚

214 2209 341 2256 quam
355 2195 484 2239 Nobis
498 2222 514 2245 ,
544 2191 669 2237 fidem
682 2194 838 2238 habere
849 2224 864 2247 ‚
897 2197 1065 2254 ejusque
1081 2197 1168 2253 pios
1183 2210 1256 2238 co-

216 2267 334 2302 natus
359 2252 603 2298 auctoritate
629 2254 694 2295 sua
716 2252 858 2310 juvare
873 2257 1029 2311 poterit
1046 2253 1253 2299 Frater-ni-

218 2326 283 2359 tas
301 2316 389 2357 Tua
402 2340 418 2364 ,
438 2312 503 2355 cui
518 2309 791 2366 Apostolicam
814 2313 1141 2357 Benedictionem
1157 2326 1256 2370 per-

216 2383 405 2420 amanter
430 2369 707 2427 impartimur.
741 2373 893 2416 Datum
919 2372 1107 2433 utfiepra
1127 2400 1139 2414 .

281 2496 344 2537 Ex
362 2489 487 2535 Arch-
507 2487 636 2545 pred.
666 2487 789 2547 Epist.
804 2490 898 2535 161.
914 2486 997 2549 fol.
1016 2500 1106 2539 105·

484 2749 663 2803 Eodem
695 2766 970 2822 argumento
987 2787 1002 2802 .

238 2841 456 2919 Venerabili
490 2872 635 2915 Fratri
660 2898 675 2921 ,
709 2870 896 2913 LotharIo
916 2900 933 2922 ,
971 2868 1263 2925 Archiepssopo

373 2927 620 2985 Trevirenst,
645 2928 759 2971 sacri
783 2927 946 2971 Romani
972 2928 1132 2984 Imperii

548 2986 720 3045 Principi
750 2986 917 3033 EleHorr‘
931 3016 943 3028 .

266 3118 799 3172 GREGORIUS
856 3120 1058 3168 PAPA
1107 3120 1223 3168 XV.

264 3258 500 3306 Venerabilis
531 3262 679 3303 Frater
707 3257 882 3302 Salutem
912 3259 960 3308 b·
978 3256 1235 3315 Apostolicam

578 3315 887 3362 Benedifflonem
902 3347 914 3359 .

346 3435 580 3480 Atholicam
600 3434 862 3490 Religionem
878 3433 971 3478 satis
986 3432 1168 3477 feliciter
1189 3448 1265 3476 nu-

361 3510 436 3553 per
458 3496 495 3538 in
511 3497 598 3539 acie
620 3492 809 3538 defendit
836 3493 1104 3537 Exercituum
1122 3495 1234 3536 Deus
1250 3521 1265 3541 ,

221 3568 317 3598 cum
335 3554 508 3599 Romani
527 3553 695 3611 Imperii
713 3552 951 3598 Defensores
967 3550 1266 3609 praeclarissimis

226 3614 405 3657 victoriis
428 3613 667 3658 decoravit.
703 3616 823 3656 Nunc
853 3613 1055 3656 bonorum
1083 3611 1264 3654 omnium

224 3683 368 3716 votum
381 3672 439 3717 est
451 3702 467 3725 ,
496 3683 541 3716 ut
557 3687 635 3716 non
650 3673 777 3715 minus
791 3671 972 3728 gloriose
986 3672 1040 3715 de
1053 3671 1263 3713 haeretico-

226 3745 316 3775 rum
329 3732 543 3790 impietate
558 3732 757 3775 Germani
776 3731 986 3788 Principes
1015 3731 1052 3772 in
1068 3728 1262 3772 Ratisbo-

227 3791 339 3833 nenti
351 3792 571 3834 Conventu
586 3790 844 3848 triumphetis
858 3818 871 3831 .
897 3791 1045 3847 Saepius
1064 3786 1268 3835 fraterni,

227 3851 534 3953 tatemTTuarlnd
557 3850 803 3909 caeterosque
817 3849 1009 3895 Praesules
1036 3848 1188 3892 hortati
1202 3844 1267 3889 su-

379 3921 450 3952 om.
530 3934 543 3949 .

1301 545 1355 594 ἔκ
1372 549 1537 592 Nationi
1570 547 1747 603 perfidia:
1762 550 1917 592 crimen
1933 577 1947 599 ‚
1974 564 2067 593 cum
2093 549 2258 592 illorum
2283 550 2346 592 in-

1303 610 1521 666 geniorum
1544 605 1645 648 fides
1673 618 1754 650 tam
1778 610 1938 650 crebris
1966 608 2204 665 plaudentis
2231 605 2344 651 famae

1304 667 1470 710 vocibus
1488 665 1829 708 commendetur.
1845 667 1917 709 Nil
1932 668 2065 723 magis
2082 667 2195 710 obell
2208 667 2349 723 Popu-

1305 726 1436 769 lorum
1460 723 1775 778 tranquillitati,
1805 725 1926 780 quam
1963 727 2106 769 vitium
2148 725 2275 777 felix,
2305 727 2346 767 &

1305 798 1385 828 non
1404 783 1542 839 punita
1559 782 1762 837 proditio.
1784 785 2060 843 Qare,cum
2078 785 2315 828 Palatinum
2330 812 2346 836 ,

1304 841 1504 885 nefarium
1521 840 1639 883 illum
1656 840 1862 884 latronum
1881 844 2042 885 Ducem
2058 871 2072 894 ,
2098 843 2151 885 de
2167 856 2348 898 occupa·

1304 902 1357 945 tis
1372 899 1725 955 Regnis,Militum
1737 900 2052 944 Catholicorum
2067 899 2267 943 fortitudo
2279 901 2352 943 de-

1307 960 1490 1017 pulerit,
1519 953 1695 1009 Ei‚1aesae
1724 958 1946 1015 Majestatis
1972 974 2072 1012 reo,
2096 960 2136 1001 δι
2164 960 2353 1014 Religio·

1308 1034 1402 1062 num
1428 1018 1611 1061 omnium
1628 1016 1728 1059 hosti
1745 1017 1937 1069 ,tandem
1958 1018 2177 1075 aliquando
2191 1018 2349 1061 Princi-

1311 1091 1405 1134 pum
1427 1075 1661 1126 sententiae,
1694 1076 1927 1122 Christiano
1937 1078 2051 1120 Orbe
2068 1078 2349 1133 approbante,

1312 1135 1502 1179 Caesareae
1534 1134 1747 1177 electionis
1771 1134 1832 1191 jus
1860 1134 2043 1178 adimant
2060 1165 2072 1177 .
2106 1137 2155 1177 ld
2182 1138 2206 1179 a
2224 1135 2352 1177 Vobis

1311 1194 1468 1251 palmas
1482 1192 1533 1236 ad
1548 1192 1719 1237 Coelum
1739 1194 1914 1236 tendens
1929 1195 2172 1237 Orthodoxa
2190 1193 2356 1247 Religio

1311 1252 1442 1310 pet‘it,
1465 1252 1506 1296 in
1533 1253 1673 1295 vestris
1699 1253 1875 1295 consiliis
1896 1254 2141 1310 praecipuam
2167 1253 2274 1309 spem
2290 1252 2356 1293 di-

1311 1312 1478 1370 gnitatis
1504 1311 1578 1353 suae
1606 1311 1895 1368 recuperandae
1922 1313 2128 1356 constituit
2146 1340 2161 1363 ,
2193 1311 2249 1354 de
2276 1311 2356 1354 hoc

1309 1370 2173 1429 Angeli,HominumCustodes,affidueVos
2189 1372 2359 1415 hortan-

1314 1443 1383 1475 tur
1398 1459 1412 1482 ,
1439 1430 1480 1472 id
1501 1432 1719 1487 expectant
1735 1431 1920 1473 homines
1936 1460 1951 1482 ,
1982 1434 2113 1473 Deum
2131 1432 2326 1474 timentes
2340 1457 2357 1481 ,

1313 1491 1382 1549 qui
1396 1488 1694 1532 immortalibus
1711 1488 1900 1532 laudibus
1915 1488 2118 1545 ejusmodi
2133 1491 2353 1534 decretum

1314 1552 1356 1593 in
1393 1561 1559 1591 omnem
1585 1548 1831 1603 posteritatis
1867 1550 2109 1591 memoriam
2143 1549 2359 1591 celebran-

1314 1608 1441 1659 dum,
1463 1608 1501 1648 in
1527 1606 1695 1650 Coelum
1719 1606 1900 1649 tollent.
1939 1610 2093 1649 Notum
2119 1608 2247 1651 Nobis
2273 1605 2358 1656 est,

1315 1681 1396 1724 quo
1426 1662 1558 1708 studio
1576 1665 1830 1708 fraternitas
1846 1667 1934 1710 Tua
1961 1666 2039 1707 Dei
2060 1666 2215 1709 causam
2235 1677 2356 1708 tuea-

1318 1737 1411 1769 tur.
1436 1726 1579 1779 Quare
1607 1723 1866 1767 libentissime
1894 1724 2200 1768 cohortationes
2227 1724 2278 1767 ad
2299 1725 2361 1766 Te

1317 1783 1523 1829 scribimus
1538 1812 1554 1836 ,
1578 1784 1672 1840 quia
1690 1783 1888 1826 maximos
1916 1796 1965 1825 ex
1979 1783 2029 1827 iis
2043 1781 2199 1828 fructus
2221 1783 2359 1841 perci·

1319 1845 1359 1901 pi
1389 1838 1498 1899 poffe
1530 1842 1734 1898 speramus
1760 1872 1772 1885 .
1817 1842 2051 1887 Testabitur
2088 1842 2359 1888 Frateruitati

1318 1906 1416 1947 Tuae
1448 1902 1551 1945 hanc
1577 1899 1684 1958 spem
1709 1927 1724 1949 a
1757 1914 1805 1944 ac
1835 1900 2154 1946 sollicitudinem
2185 1902 2358 1947 nostram

1318 1961 1493 2005 dilectus
1510 1960 1634 2003 Filius
1649 1987 1663 2011 ,
1690 1962 1836 2003 Frater
1851 1962 2113 2016 Hyacinthus
2131 1992 2145 2015 ‚
2159 1962 2358 2005 Casalen-

1318 2021 1390 2073 fis,
1417 2019 1650 2075 Capucinus
1665 2047 1680 2070 ,
1708 2021 1776 2074 qui
1794 2018 1888 2062 Tibi
1915 2020 1983 2062 has
2004 2020 2164 2064 litteras
2179 2021 2359 2072 reddet,

1316 2078 1590 2134 &negocium
1612 2078 1718 2127 hoc,
1743 2092 1825 2134 quo
1846 2079 2018 2121 Romani
2033 2080 2199 2136 Imperii
2224 2079 2361 2136 digni-

1316 2150 1379 2183 tas
1395 2137 1661 2195 continetur,
1676 2137 1810 2180 nostro
1825 2138 1987 2180 nomine
2002 2140 2156 2183 Tecum
2171 2137 2361 2183 differet.

1318 2199 1369 2242 Ei
1395 2210 1498 2252 ergo
1523 2196 1712 2240 eamdem
1728 2225 1743 2248 ,
1771 2210 1891 2252 quam
1908 2197 2040 2240 Nobis
2069 2199 2327 2255 loquentibus
2343 2228 2361 2252 ‚

1316 2256 1442 2300 fidem
1468 2255 1621 2298 habere
1658 2255 1813 2310 poterit
1846 2257 2094 2299 Fraternitas
2122 2260 2210 2301 Tua
2234 2286 2249 2309 ‚
2289 2260 2357 2301 cui

1321 2318 1428 2359 hunc
1445 2314 1592 2356 Virum
1606 2339 1621 2362 a
1636 2313 1766 2356 Nobis
1799 2313 2064 2370 gratiffimum
2079 2344 2096 2368 ,
2126 2317 2359 2373 cuneusque

1322 2371 1645 2417 fereChristianis
1656 2373 1914 2429 Principibus
1929 2383 2239 2429 notum‚praeter
2250 2378 2361 2420 Pon-

1324 2431 1490 2476 tificiam
1515 2429 1852 2475 benevolentiam
1869 2432 2070 2485 nostram,
2100 2434 2252 2489 ingenii
2269 2435 2328 2476 vis
2344 2464 2360 2487 ,

1325 2489 1535 2544 religionis
1575 2489 1748 2533 studium
1772 2519 1788 2543 ,
1826 2505 1872 2534 ac
1902 2505 2037 2534 rerum
2067 2493 2361 2547 agendarum,

1326 2548 1473 2607 peritia
1501 2546 1594 2592 satis
1623 2545 1821 2605 superque
1846 2549 2191 2594 commendabunt
2217 2581 2228 2593 .
2264 2554 2361 2595 Fra-

1324 2606 1512 2653 ter-nitati
1528 2607 1624 2649 Tuae
1642 2607 1916 2665 Apostolicam
1931 2609 2263 2653 Benediaionem
2290 2613 2364 2654 im·

1321 2666 1523 2726 partimur
1547 2693 1563 2714 ,
1601 2666 1667 2708 cui
1692 2669 1715 2712 a
1746 2668 1949 2710 bonorum
1976 2669 2156 2712 omnium
2185 2674 2363 2715 Auctore

1323 2736 1444 2771 tantae
1458 2725 1627 2783 gloriae,
1651 2727 1692 2768 δι
1719 2725 1950 2770 foelicitatis
1975 2728 2242 2773 accessionem
2266 2744 2365 2788 preq

1323 2799 1490 2830 camur.

1384 2847 1539 2887 Datum
1558 2845 1697 2887 Romae
1721 2844 1828 2899 apud
1848 2847 2031 2889 Sanctam
2058 2847 2243 2892 Mariam
2272 2850 2361 2891 Ma·

1324 2902 1456 2961 iorem
1482 2901 1550 2944 sub
1579 2903 1746 2946 Annulo
1776 2901 1991 2948 Piscatoris
2016 2906 2086 2948 die
2115 2921 2156 2949 x.
2174 2910 2362 2963 Septem-

1326 2961 1651 3064 brisdmocxxri.
1682 2962 1951 3007 Pontificatus
1977 2964 2116 3007 Nostri
2147 2968 2273 3009 Anno
2299 2965 2362 3008 se.

1331 3035 1409 3067 cun
1442 3035 1495 3064 o.

1355 3142 1416 3183 Ex
1428 3139 1550 3182 Arcb.
1571 3140 1691 3181 Vatlc.
1708 3140 1811 3183 secr.
1827 3142 1921 3197 Reg.
1941 3143 2061 3185 Brev.
2084 3141 2134 3187 ad
2148 3139 2285 3188 Ptine.
2298 3152 2357 3201 ep.

1450 3198 1629 3258 163.sol.
1648 3197 1741 3241 106.
2329 3205 2331 3207 ’

2139 3911 2296 3957 Eodem
