2774 4088
448 254 565 342 xii
917 249 2053 344 PROSEC‘UTIO

375 386 545 437 tatur
583 384 792 436 tamen
832 371 934 435 hic
972 371 1151 437 favor
1188 373 1255 437 in
1297 376 1550 438 materia
1588 372 2046 443 Beneficiorum
2081 374 2526 444 Ecclefiasticm

387 489 556 540 rum,
603 467 761 531 circa
797 487 918 554 que
947 462 1266 555 Rescripta
1287 466 1584 532 coarctari
1605 466 1888 557 expresse
1912 485 2169 533 cavetur
2216 469 2522 560 &Qum-

387 579 485 623 ως
510 581 563 639 3.
601 557 670 624 de
709 558 905 623 Proeb.
948 563 1020 626 in
1058 569 1115 626 6.
1150 560 1254 627 ubi
1286 560 1511 646 legitur
1546 561 1838 648 quamvis
1867 558 2317 646 plenffmastt
2356 566 2523 632 alids

380 653 453 716 in
499 647 800 736 oenqficlis
840 654 1282 742 interpretatio
1299 651 1612 739 facienda
1636 702 1653 730 ,
1693 655 1924 720 litterae
1954 671 2170 723 tamen
2190 657 2389 742 super
2422 649 2517 725 obfi-

383 741 658 808 tinendl's
696 741 1005 836 benefitiis
1046 747 1300 824 debent,
1337 769 1473 814 cum
1484 748 1626 835 sint
1667 748 2004 834 ambitiosa?
2026 798 2043 826 ,
2078 749 2400 838 restringi.
2514 742 2517 745 ¹

990 888 1672 1024 SECTlo
1772 933 1888 1022 V.

932 1119 1030 1189 De
1081 1122 1539 1213 Rcstriptorum
1593 1123 1962 1192 dur-atiena
2016 1158 2018 1160 v

370 1318 470 1469 S
495 1309 673 1377 Parsa
728 1312 836 1403 qui
895 1311 1166 1379 advertit
1205 1314 1272 1379 in
1314 1312 1608 1401 Corpore
1648 1310 1839 1378 nostri
1884 1310 2131 1379 Bullarii
2180 1309 2512 1379 Pontificia

519 1403 870 1495 Rescripta,
903 1405 1263 1493 digniorem
1306 1407 1367 1473 81
1402 1404 1585 1491 hujus
1624 1405 1929 1473 Sectionis
1970 1404 2308 1472 leffionem
2338 1406 2418 1471 de
2453 1405 2512 1473 se

370 1493 703 1579 judicabit,
750 1515 851 1575 ut,
898 1498 1053 1566 dum
1096 1499 1349 1564 illorum
1388 1500 1630 1565 duratio
1663 1499 1731 1563 in
1769 1499 2170 1589 quaestionem
2212 1498 2510 1576 trahitur,

311 1636 314 1637 ν
371 1594 766 1682 promptiore
806 1588 1101 1680 responso
1135 1591 1379 1659 verita-ti
1420 1588 1743 1656 obvietur.
1789 1594 1942 1659 Inde
1985 1591 2301 1682 Rescripta
2338 1591 2511 1675 Justi-

369 1683 502 1759 tiae,
550 1709 614 1750 re
647 1686 852 1752 adhuc
883 1684 1160 1772 integra,
1209 1701 1411 1749 morte
1446 1685 1849 1749 concedentis
1878 1682 2181 1773 exspirare
2205 1733 2222 1762 ‚
2268 1707 2346 1751 ex
2384 1688 2511 1769 vul-

370 1780 499 1863 gari
538 1779 685 1867 juris
723 1781 930 1867 regula
959 1778 1308 1846 tenendum
1347 1774 1468 1850 est,
1516 1775 1902 1867 habeturque
1947 1776 2074 1843 hoc
2106 1778 2171 1844 in
2207 1776 2410 1870 specie
2444 1779 2506 1844 8<

368 1870 529 1935 clare
565 1870 835 1940 decisum
884 1894 928 1936 c.
967 1872 1151 1939 Licet
1198 1869 1471 1963 undique
1509 1892 1612 1950 30.
1660 1870 1731 1937 de
1773 1867 1911 1956 offis.
1952 1866 2160 1957 Deleg.
2203 1886 2505 1962 tenetque

365 1963 555 2030 robur
592 1964 762 2033 flium
797 1963 1109 2034 conclusio
1138 1967 1206 2034 in
1238 1965 1410 2038 casta,
1457 1962 1689 2033 etiamfi
1722 1965 2056 2051 Delegatus
2086 1978 2357 2030 mortem
2387 1968 2508 2030 De-

367 2059 628 2146 legantis
663 2056 993 2147 ignorasset
1022 2108 1039 2135 ,
1087 2082 1230 2127 cum
1272 2055 1609 2144 jurisdi&io
1651 2057 1941 2128 effizffive
1980 2056 2254 2123 necdum
2296 2055 2507 2123 tranfi-

366 2155 526 2219 ve-rit
556 2155 622 2219 in
659 2154 1063 2242 Delegatum,
1098 2149 1407 2246 supposita
1435 2176 1499 2217 re
1518 2152 1722 2222 adhuc
1748 2153 1989 2240 ‚integra
2010 2201 2027 2227 ‚
2076 2148 2175 2215 seu
2205 2152 2369 2216 illius
2395 2150 2502 2217 usu

367 2248 643 2316 necdum
686 2246 986 2316 inchoato
1025 2268 1070 2312 c.
1107 2245 1430 2336 Quamvis
1470 2246 1541 2313 de
1572 2243 1708 2334 offic.
1741 2240 1952 2335 Deleg.
2000 2246 2071 2311 in
2112 2255 2168 2313 6.
2211 2246 2503 2334 ignoran-

367 2342 451 2406 tia
487 2357 691 2410 autem
733 2338 856 2410 sola
888 2339 1377 2430 jurisdictionem
1412 2365 1544 2406 non
1583 2340 1846 2417 tribuat,
1877 2362 2017 2408 eam
2049 2361 2182 2404 non
2226 2338 2500 2405 habenti.

368 2436 404 2500 l.
433 2436 838 2522 privatorum
879 2433 943 2510 C.
979 2431 1373 2521 dejurg'l'dibl⁹
1415 2456 1571 2502 omn.
1585 2435 1730 2517 Jud,
1772 2435 1835 2502 Si
1873 2450 2083 2502 tamen
2120 2454 2289 2497 error
2324 2456 2499 2498 com-

363 2529 569 2597 munis
599 2545 1025 2607 concurreret,
1073 2529 1239 2597 valet
1268 2524 1612 2617 procefl'US,
1659 2549 1803 2596 cum
1833 2525 1939 2594 hic
1970 2525 2335 2615 ignorantiae
2361 2525 2499 2612 jun-

364 2622 495 2685 &us
535 2620 760 2690 tribuat
789 2620 885 2706 -jus
916 2622 994 2688 L.
1033 2621 1387 2690 Bar-barim
1401 2618 1484 2709 ffi
1521 2621 1594 2692 de
1619 2617 1756 2707 qffic
1788 2615 2003 2689 Praet(

546 2712 668 2781 Sub
708 2716 842 2802 pari
901 2718 988 2786 rei
1048 2714 1251 2784 adhuc
1309 2716 1561 2802 integrae
1619 2714 1988 2783 conditione
2029 2711 2294 2802 exspirat
2342 2737 2496 2804 quo-

366 2828 488 2897 que
536 2806 925 2897 Rescriptum
967 2807 1213 2895 Justitiae
1243 2857 1261 2884 ,
1315 2808 1665 2897 Delegante
1713 2806 1789 2873 ab
1842 2805 2058 2875 officio
2114 2805 2218 2872 filo
2270 2804 2521 2873 cessan-v

363 2917 425 2973 te
448 2950 463 2976 ‚
512 2897 640 2966 five
672 2901 821 2970 dein
859 2900 1039 2973 ceflet
1075 2925 1188 2992 per
1225 2901 1756 2973 renuntiationem
1778 2951 1795 2978 ‚
1845 2902 2317 2994 promotionem
2342 2917 2495 2977 ‚aaut

363 2995 548 3062 aliam
596 3016 1034 3088 quamcunque
1087 2993 1591 3085 dispofitionem.
1631 2995 1929 3064 Bartolus
1956 2997 2026 3060 in
2073 2995 2225 3081 Leg,
2267 3016 2492 3059 more.)

368 3090 681 3172 majorum
717 3114 773 3158 n,
798 3099 892 3158 16,
919 3084 1002 3180 ff
1040 3086 1356 3174 dejurt'sd
1387 3112 1546 3158 omn.
1560 3088 1707 3171 ιῙιιιί,
1739 3087 2016 3156 Sanehez
2058 3083 2132 3154 L.
2156 3094 2209 3157 8.
2248 3084 2320 3155 de
2341 3085 2495 3152 Ma-

365 3182 533 3249 trim,
571 3180 711 3269 disp.
740 3189 836 3255 28,
876 3178 984 3262 ης
1001 3191 1056 3249 6.
1100 3179 1179 3251 &³
1201 3181 1351 3258 alii,
1378 3206 1489 3277 par
1540 3182 1711 3251 enim
1749 3179 1867 3247 esse
1910 3180 2159 3248 videtur
2204 3179 2365 3244 ratio
2405 3182 2487 3246 de

367 3269 692 3340 ceflatione
734 3276 811 3342 ab
844 3276 1061 3345 officio
1090 3325 1107 3351 ,
1147 3299 1219 3343 ac
1263 3277 1343 3340 de
1379 3290 1582 3346 morte
1621 3322 1639 3350 ,
1685 3297 1827 3344 cum
1857 3288 2124 3366 ,uterque
2174 3271 2340 3339 casus
2373 3290 2495 3340 ter-1

368 3365 571 3429 minet
606 3364 888 3438 officium
922 3372 982 3441 ὃς
1015 3368 1499 3455 jurisdictionem
1532 3368 1896 3458 Delegantis
2402 3431 2408 3434 .

549 3460 672 3523 Res
712 3479 915 3532 autem
955 3457 1027 3541 δι’
1053 3461 1226 3528 causa
1261 3486 1395 3534 non
1427 3460 1706 3551 amplius⁴
1732 3465 1972 3551 integra
1993 3463 2258 3537 dicitur,
2295 3483 2489 3551 quan-

371 3549 457 3611 do
490 3547 612 3632 jam
642 3569 783 3616 ante
822 3574 1090 3625 mortem
1127 3556 1491 3643 Delegantis
1528 3554 1685 3626 facta
1723 3558 1811 3626 est
1853 3580 1967 3645 per
1999 3557 2371 3642 Delegatum
2409 3555 2493 3640 ci*⁴

368 3643 522 3709 tatis)
560 3646 782 3734 partis,
823 3646 1108 3738 hancque
1142 3651 1222 3719 ad
1261 3651 1752 3741 perpetuandam
1794 3643 2282 3736 jurisdictionem
2323 3648 2491 3712 dele-

370 3750 575 3824 gatam
618 3733 892 3809 sufficere
932 3744 1117 3811 tradit
1158 3743 1310 3810 Abb.
1345 3747 1414 3810 in
1454 3767 1499 3812 c.
1539 3745 1804 3834 relatum
1842 3768 1901 3811 n.
1943 3764 1992 3824 5.
2041 3741 2116 3809 de
2165 3737 2335 3829 Offic.
2371 3739 2492 3807 De-

2289 3833 2399 3922 leg.
