2618 4108
879 248 1769 374 monfer‘ratenstr.

552 361 728 416 Eodem
760 380 1036 438 argumento
1046 403 1060 418 .

325 482 489 538 Atergo
503 496 515 523 ε
544 484 760 528 Venerabili
776 488 945 536 Fran-1,
959 486 1222 545 Fet-elinando,

400 542 694 602 Arcbiepiscopo
719 542 955 594 Colonienfi,
980 548 1019 587 S.
1037 549 1084 589 R.
1100 549 1132 593 1.

572 604 746 659 Princr'p}
767 601 936 649 Blemri
948 632 961 645 .

258 718 738 775 URBANUS
795 725 1027 775 PAPA
1075 726 1272 776 V111.

305 836 537 882 Venerabilis
556 841 705 884 Frater
722 840 892 893 salutem
906 839 960 892 ὠ·
975 831 1231 901 ΑρςβοΙὶεᾰηι

594 898 896 943 Benedifflonem
906 928 919 941 .
1133 914 1139 918 ·

344 1013 538 1059 Osteritas
553 1043 568 1067 ,
594 1030 681 1072 qua:
695 1016 924 1062 Germaniae
935 1017 1086 1064 diffidia
1097 1045 1113 1066 2
1126 1020 1165 1060 &
1182 1019 1269 1061 Re-

364 1073 524 1130 ligionis
567 1076 750 1131 pericula
782 1076 975 1132 loquetur
1000 1107 1016 1133 ,
1067 1077 1267 1120 Bavaricae

241 1131 366 1174 etiam
386 1132 540 1177 Domus
559 1132 755 1177 beneficia
768 1163 783 1186 ,
807 1136 848 1176 δι
861 1136 1070 1178 Catholici
1096 1133 1264 1178 foederis

240 1189 430 1234 victorias
443 1192 769 1235 commendabit.
796 1195 852 1235 Ea
868 1194 1055 1249 exempla
1074 1195 1263 1235 hactenus

238 1248 383 1291 dedisti
397 1250 562 1306 pietatis
582 1251 624 1292 ez
645 1248 921 1304 fortitudinis,
945 1263 989 1294 ut
1003 1265 1141 1294 earum
1156 1252 1263 1294 obli-

238 1317 303 1350 tus
327 1305 407 1351 esre
434 1308 653 1360 videatur,
677 1309 743 1365 qui
761 1310 1076 1353 Fraternitatem
1093 1313 1262 1354 Tuam..-

235 1364 288 1408 ad
306 1365 421 1410 Fidei
438 1367 717 1410 auctoritatem
733 1366 927 1410 tuendam
951 1368 1259 1415 inflammare-a

234 1425 388 1479 cogitat
409 1453 422 1466 .
463 1424 749 1481 Exspectamus
777 1427 801 1470 a
829 1428 890 1469 ‘re
917 1427 1037 1483 digna
1066 1428 1262 1471 Bavarico

233 1482 456 1538 Principe,
484 1483 769 1541 &triumphali
785 1485 930 1529 Fratre
944 1485 1134 1537 confiliat
1166 1501 1260 1543 gra-

231 1539 502 1598 tiffimumque
517 1543 644 1586 Nobis
658 1543 766 1595 erit,
790 1541 816 1584 fi
842 1542 883 1586 id
908 1546 1041 1588 testari
1071 1546 1259 1589 iterum.›

231 1601 389 1656 poterit
409 1601 586 1645 Dilectus
601 1602 724 1645 Filius
737 1628 751 1652 ,
779 1602 1009 1660 Religiosus
1024 1605 1225 1650 Sacerdos
1239 1632 1256 1656 ,

232 1661 307 1705 Fr.
329 1661 367 1702 H
402 1659 591 1703 acinthus
615 1659 866 1718 Casalenfls,
891 1663 1153 1719 capucium,
1183 1663 1254 1721 qui

228 1718 343 1773 gravi
375 1732 452 1762 ima
467 1719 626 1775 negotia
644 1721 801 1763 Tecum
817 1719 966 1765 Nostro
980 1723 1158 1765 Nomine
1176 1721 1254 1764 dis-

230 1778 339 1819 seret
353 1805 364 1818 .
396 1776 508 1837 Qid
538 1777 612 1821 ille
638 1778 827 1821 moliatur
841 1806 856 1830 ,
886 1781 926 1821 δι
953 1780 1060 1837 quod
1093 1779 1253 1824 benefi-

229 1835 338 1878 cium
353 1834 378 1877 ὂ
393 1835 590 1879 diuturnis
605 1836 1071 1885 istarumProvinciarum
1086 1840 1250 1886 calami-

229 1894 379 1938 tatibus
394 1904 509 1950 petat
523 1923 537 1946 ,
564 1897 759 1938 bonorum
775 1896 1065 1941 benevolentia
1084 1927 1099 1951 ,
1120 1902 1158 1942 &
1174 1901 1251 1943 hae-

227 1952 452 1995 reticorum
474 1952 616 1995 odium
637 1952 822 2003 declarat
838 1984 849 1996 .
866 1957 995 1998 Nobis
1009 1960 1127 2001 certe
1147 1959 1252 2007 adeo

226 2012 369 2053 charus
385 2009 468 2058 est,
499 2020 541 2051 ut
559 2010 648 2067 ejus
670 2012 803 2055 verbis
820 2042 835 2063 ,
867 2027 913 2055 ac
937 2014 1122 2067 Nostris,
1142 2015 1254 2059 credi

226 2069 435 2125 cupiamus
451 2068 472 2110 a
490 2070 856 2114 FraternitateTua
871 2072 962 2123 ,cui
977 2073 1253 2128 Apostolicam

226 2127 560 2171 Benedictionem
574 2139 831 2184 peramanter
847 2130 1101 2187 impartimur
1114 2162 1127 2182 .,

288 2189 439 2228 Datum
455 2187 597 2229 Romae
623 2186 728 2242 apud
744 2187 785 2229 S.
814 2189 983 2231 Petrum
998 2191 1074 2232 &c.
1102 2191 1171 2234 die
1201 2209 1244 2237 v.

229 2244 328 2290 Maii
347 2257 564 2294 uncxxiv.
591 2243 855 2297 Pontificatus
878 2248 1148 2302 NostriAnno
1170 2251 1255 2308 pri-

230 2312 298 2347 mo
312 2330 324 2346 ο

756 2364 811 2407 ν.
830 2365 1052 2411 'theatinus
1064 2395 1078 2411 .

285 2547 347 2588 Ex
361 2542 531 2587 Archivo
548 2540 597 2590 15·
610 2539 769 2602 Regefio
788 2543 1015 2598 praediffin

227 2779 436 2830 Eundem
460 2779 642 2828 noviter
658 2773 792 2827 suum
812 2777 1156 2846 Apocrisarium
1173 2817 1190 2840 ,
1203 2779 1254 2835 &

294 2847 635 2901 Miffionariur'n
671 2865 782 2898 curn
808 2846 1100 2901 facultatibus
1125 2856 1255 2921 Apo·

293 2918 461 2973 stolicis
492 2921 538 2968 in
568 2920 872 2973 Germaniam
901 2920 1111 2990 ablegat.

252 3062 290 3104 A
303 3066 448 3116 tergo:
477 3059 628 3102 DileHo
643 3062 745 3103 Ftle‘o
757 3087 772 3111 ,
787 3058 1003 3116 Hyacintbo
1017 3060 1062 3101 de
1078 3059 1225 3112 Calata,

314 3116 475 3161 ordinis
489 3122 683 3162 Fratrum
696 3122 900 3163 Minor-um
912 3123 953 3161 S.
967 3117 1165 3177 Francisca·

426 3180 709 3233 Capacinorum
734 3187 1046 3234 nuncupatorum

448 3287 455 3294 ,
627 3235 866 3296 Profeffirt’.

226 3357 486 3411 URBA
518 3354 705 3408 NUS
789 3356 1009 3406 PAPA
1073 3356 1254 3408 VIII.

284 3473 440 3517 Dileffe
467 3471 554 3519 Fili
591 3473 789 3524 Salutem,
823 3473 876 3524 ό·
898 3471 1156 3531 Apostolicam

551 3528 854 3576 Benedietionem
870 3561 882 3574 .

309 3652 509 3707 Iugularis
525 3653 565 3693 ἃ
583 3649 653 3693 diu
667 3649 866 3706 speetatus
881 3649 921 3693 in
940 3650 1058 3693 rebus
1072 3652 1256 3695 Catholi-

326 3723 380 3751 cae
399 3710 627 3768 Religionis
654 3709 845 3765 gerendis
870 3709 1012 3757 zelus,
1037 3724 1082 3752 ac
1105 3712 1254 3754 ardens

226 3767 267 3809 in
285 3769 510 3823 proximum
527 3769 729 3821 charitas,
754 3768 914 3825 aliaque
938 3768 1150 3824 insignium
1171 3770 1256 3812 vir—

227 3835 359 3870 tutum
388 3827 493 3870 dona
511 3858 526 3880 ,
555 3827 703 3885 quibus
730 3829 792 3871 Te
822 3828 1005 3871 novimus
1029 3831 1050 3871 a
1078 3829 1254 3872 Domino

349 3888 452 3929 Tam.
468 3890 545 3932 111.

2153 268 2314 370 283

1346 371 1630 428 multipliciter
1664 373 1887 431 inlignitum
1910 402 1924 426 ‚
1963 373 2003 417 in
2033 374 2149 417 causa
2178 383 2264 419 tunt
2289 405 2304 428 ,
2334 393 2378 423 ut

1343 430 1537 474 nonnulla
1558 430 1738 487 ejusdem
1759 433 1983 487 Religionis
1998 436 2225 477 Catholicae
2246 449 2377 490 nego-

1341 489 1396 531 tia
1410 503 1517 547 ,quae
1531 491 1660 534 Nobis
1675 492 1848 535 maxime
1862 493 1978 535 cordi
1996 493 2084 536 (unt
2096 519 2111 542 ‚
2137 495 2229 536 Tibi
2244 495 2379 537 liben-

1340 556 1407 590 ter
1421 548 1750 603 committamus,
1776 552 1981 606 sperantes
2005 553 2043 593 in
2063 554 2240 598 Domino
2257 554 2346 596 fore
2361 582 2377 605 ,

1337 616 1383 648 ut
1398 606 1534 648 nostra:
1549 608 1603 647 de
1618 608 1679 649 Te
1694 609 1968 665 expectationi
1985 612 2190 654 cumulate
2207 614 2377 666 respon-

1336 663 1432 708 deas
1448 693 1460 709 0
1485 666 1592 708 Cum
1607 664 1747 720 itaque
1766 668 2032 711 Venerabiles
2054 670 2212 713 Fratres
2236 671 2381 725 nostri,

1335 725 1377 766 S.
1395 723 1448 765 R·
1468 724 1512 765 Ε.
1527 750 1541 774 ,
1557 722 1985 781 Cardinalea,negotio
2003 730 2270 783 Propagandae
2298 730 2374 773 in,

1333 781 1523 823 universo
1535 781 1688 823 mundo
1703 782 1814 825 Fidei
1829 785 2025 839 praepofiti
2037 815 2052 836 ,
2067 798 2140 839 pro
2154 788 2343 841 gravibus
2356 816 2372 840 ,

1332 840 1373 881 δι
1402 838 1608 881 servitium
1631 839 1809 896 ejusdem
1830 843 2053 884 Catholicae
2077 845 2301 899 Religionis
2323 846 2367 888 in

1331 898 1554 941 Germania
1578 900 1920 942 concernentibus
1942 901 2118 955 negotiis
2142 929 2155 952 ,
2183 905 2243 944 Te
2267 903 2366 946 illuc

1330 954 1400 998 sub
1416 956 1602 999 nostro&
1613 956 1729 1000 Sedis
1746 958 1983 1013 Apostolicae
1996 960 2258 1013 beneplacito
2270 964 2368 1004 mit-

1330 1014 1497 1057 tendum
1521 1014 1744 1065 duxerint,
1773 1018 1988 1071 &negotia
2007 1017 2232 1062 Catholicae
2248 1021 2366 1062 Reli-

1329 1072 1458 1128 gionis
1475 1072 1699 1130 hujusmodi
1716 1088 1808 1118 cum
1825 1076 2152 1132 Principibus‚&
2165 1077 2257 1119 aliis
2275 1092 2369 1131 per..

1327 1131 1431 1174 sonis
1446 1131 1558 1188 juxta
1575 1133 1815 1177 eorumdem
1828 1133 2111 1177 Cardinalium
2125 1135 2365 1177 commistio-

1329 1203 1401 1233 nes
1416 1191 1453 1232 &
1470 1191 1659 1234 mandata
1674 1219 1688 1242 ,
1712 1206 1785 1248 per
1802 1194 1864 1235 Te
1888 1192 2094 1236 tractanda
2108 1193 2207 1246 lint,
2237 1194 2367 1237 idcir-

1324 1261 1377 1291 co
1392 1251 1508 1292 Motu
1529 1251 1697 1306 proprio
1711 1281 1726 1304 ‚
1748 1253 1788 1293 &
1801 1265 1851 1294 ex
1867 1263 1981 1295 certa
1999 1251 2162 1294 scientia
2176 1280 2190 1303 ,
2213 1266 2259 1294 ac
2280 1266 2367 1295 me-

1322 1322 1366 1350 ra
1393 1307 1695 1355 deliberatione
1724 1310 1863 1354 nostris
1884 1311 1976 1354 Tibi
1999 1324 2074 1367 per
2095 1309 2304 1365 praeientes
2323 1311 2366 1352 in

1323 1367 1482 1413 virtute
1516 1370 1670 1411 Sanstae
1704 1369 1961 1412 Obedientiae
1997 1370 2286 1413 committimus
2324 1370 2366 1410 ὃς

1322 1424 1562 1469 mandamus
1581 1454 1596 1477 ,
1626 1437 1672 1471 ut
1700 1442 1776 1483 pro
1801 1429 1969 1484 negotio
1995 1428 2217 1471 Catholicae
2246 1430 2362 1472 Reli-

1321 1483 1452 1540 gionis
1480 1484 1708 1542 hujusmodi
1738 1486 2030 1542 pertractandis
2057 1486 2108 1529 ad
2133 1488 2359 1532 Germanias

1322 1552 1456 1600 partes
1472 1572 1486 1595 ,
1520 1554 1641 1598 prout
1656 1547 1812 1590 occasso
1828 1575 1842 1598 ,
1866 1560 2090 1602 rerumque
2103 1546 2273 1602 qualitas
2288 1562 2363 1590 ex-

1321 1602 1482 1658 egerit,
1509 1602 1580 1644 sub
1604 1603 1837 1647 omnimoda
1854 1614 1989 1649 tamen
2007 1604 2154 1646 Dilec‘ti
2172 1605 2264 1647 Filii
2281 1609 2360 1649 Mi-

1318 1660 1652 1710 nistriGenet-alis
1669 1663 1728 1708 tui
1741 1660 1907 1704 Ordinis
1921 1662 2157 1706 obedientia
2172 1666 2362 1718 accedas,

1318 1718 1507 1775 distaque
1534 1719 1700 1776 negotia
1726 1721 1950 1767 Catholicae
1979 1722 2240 1778 Religionis,
2274 1738 2357 1767 non

1315 1777 1442 1820 solum
1464 1777 1574 1832 juxta
1597 1779 1835 1822 eorumdem
1849 1780 2134 1824 Cardinalium
2147 1809 2161 1831 ,
2176 1782 2357 1825 verium,

1317 1837 1443 1887 etiam
1477 1835 1641 1886 Ministri
1671 1838 1892 1881 Generalis
1919 1867 1934 1891 ,
1975 1839 2041 1880 vel
2073 1841 2359 1883 procuratoris

1316 1896 1534 1938 Generalis
1551 1895 1731 1951 ejusdem
1750 1897 1915 1940 Ordinis
1929 1926 1943 1948 ,
1967 1908 2086 1952 prout
2113 1900 2202 1954 ipfis
2220 1899 2271 1941 ab
2293 1900 2360 1943 iis-

1315 1954 1411 1997 dem
1429 1954 1718 2000 Cardinalibus
1731 1955 1966 1999 mandatum
1988 1954 2111 1999 fuerit
2124 1987 2137 2010 ,
2166 1958 2355 2000 commis-

1317 2011 1438 2056 fiones
1453 2014 1494 2055 δι
1507 2013 1694 2056 mandata
1707 2042 1723 2064 ,
1740 2015 1780 2056 δι
1794 2029 1876 2058 non
1891 2015 1927 2057 al
1935 2017 1989 2059 ias
2003 2043 2017 2065 ,
2035 2015 2245 2059 occasione
2263 2016 2359 2060 Miss

1314 2072 1434 2113 sionis
1468 2071 1692 2126 hujusmodi
1727 2072 1939 2116 dumtaxat
1962 2087 2081 2128 geras
2114 2078 2152 2117 &
2180 2077 2356 2120 tractes.

1315 2129 1523 2198 Qoniam
1541 2133 1644 2181 vero
1665 2132 1727 2178 Te
1750 2131 1798 2179 ea
1812 2162 1826 2184 ,
1857 2147 1931 2188 qua
1945 2132 2113 2187 expedit
2129 2161 2144 2184 ,
2164 2134 2357 2177 celerita-

1316 2200 1359 2232 te
1378 2216 1392 2238 ,
1423 2189 1476 2230 ob
1489 2187 1665 2232 infirmas
1680 2192 1863 2245 corporis
1877 2192 1935 2233 tui
1956 2192 2061 2233 vires
2077 2193 2248 2248 pedibus
2262 2208 2357 2249 proq

1314 2246 1434 2289 ficisci
1462 2261 1545 2290 non
1569 2248 1677 2302 posse
1692 2248 1943 2304 perspectum
1969 2250 2192 2302 habemus,
2219 2263 2352 2305 motu,

1314 2303 1482 2348 scientia
1503 2307 1545 2347 δε
1562 2306 1858 2351 deliberatione
1874 2308 2087 2361 limitibus,
2116 2310 2211 2354 Tibi
2226 2313 2353 2354 etiam

1315 2363 1357 2410 in
1386 2364 1540 2406 virtute
1567 2367 1714 2409 Sancte
1728 2367 1958 2412 deientiae
1984 2382 2058 2423 per
2075 2365 2236 2414 easdem
2251 2384 2354 2425 prae-

1315 2421 1449 2465 sentes
1476 2424 1763 2467 committimus
1791 2428 1829 2468 &
1857 2425 2123 2478 mandamus,
2154 2437 2198 2469 ut
2215 2442 2348 2484 equo,

1315 2483 1358 2524 ἃ.
1383 2482 1493 2523 omni
1514 2482 1595 2525 alio
1621 2482 1784 2526 meliori
1811 2484 1934 2526 modo
1955 2484 2046 2526 Tibi
2070 2484 2238 2541 poffibili
2266 2486 2349 2529 iter

1316 2538 1570 2597 hujusmodi,
1598 2537 1668 2583 sub
1681 2542 1917 2587 obedientia
1931 2553 2066 2585 tamen
2083 2546 2143 2588 tui
2158 2547 2350 2588 Genera-

1313 2598 1367 2642 lis
1384 2627 1398 2651 ‚
1426 2609 1468 2641 ut
1485 2597 1725 2655 prefertur,
1752 2599 1874 2644 facias
1886 2630 1899 2653 ,
1925 2616 1970 2645 ac
1985 2615 2054 2644 eos
2069 2602 2164 2645 dieti
2179 2604 2345 2646 Ordinis

1314 2658 1442 2703 socios
1456 2686 1472 2710 ,
1500 2658 1554 2701 de
1578 2659 1720 2714 quibus
1744 2660 1854 2703 inter
1869 2664 2185 2705 Procuratorem
2204 2662 2346 2717 praedi-

1313 2719 1449 2767 ctum,
1478 2718 1518 2759 δι
1542 2718 1604 2758 Te
1632 2727 1713 2760 tam
1739 2720 1870 2775 quoad
1887 2718 2075 2775 personas
2091 2749 2105 2772 ,
2131 2722 2248 2776 quam
2267 2735 2344 2763 nu-

1312 2788 1472 2818 merum
1497 2786 1746 2819 conventum
1763 2780 1914 2830 tuerit,
1944 2777 2109 2822 affumas
2125 2807 2140 2831 ,
2167 2778 2344 2836 eosque,

1312 2835 1571 2890 quocumque
1585 2848 1686 2889 opus
1698 2834 1778 2878 effe
1791 2836 2036 2893 judicaveris
2050 2866 2064 2890 ,
2076 2852 2150 2894 pro
2162 2837 2343 2893 ejusdem

1310 2892 1462 2936 Cathol
1473 2894 1541 2934 icae
1554 2892 1778 2949 Religionis
1793 2895 1966 2951 negotiis
1982 2896 2090 2949 iuxta
2101 2897 2343 2939 eorumdem

1312 2950 1612 3003 Cardinalium,
1625 2953 1662 2993 &
1677 2953 1867 3006 Ministri,
1881 2953 1949 2998 seu
1963 2956 2241 2999 Procuratoris
2256 2958 2344 2998 Ge-

1315 3008 1462 3051 neralis
1489 3010 1779 3054 commistiones
1807 3014 1848 3058 &
1872 3012 2061 3055 mandata
2078 3040 2093 3063 ,
2124 3022 2168 3053 ut
2196 3011 2308 3069 supra
2326 3042 2342 3064 ,

1314 3065 1475 3109 servata
1497 3076 1627 3111 tamen
1656 3068 1695 3109 in
1724 3070 1798 3111 hac
1827 3081 1944 3126 parte
1958 3071 2224 3125 Regularium
2244 3071 2342 3114 dieti

1312 3124 1480 3168 Ordinis
1498 3125 1736 3168 statutorum
1754 3126 1881 3170 forma
1895 3154 1911 3175 ,
1937 3129 2071 3170 mittas
2090 3157 2101 3168 .
2132 3129 2242 3187 Qia
2272 3143 2342 3172 ve-

1312 3186 1361 3229 ro
1374 3183 1508 3227 multae
1520 3183 1722 3227 Miffiones
1741 3198 1817 3240 pro
1828 3185 2007 3241 ejusdem
2018 3189 2240 3231 Catholicae
2256 3190 2342 3231 Re.

1312 3242 1475 3298 ligionis
1496 3240 1664 3287 servitio
1688 3244 1729 3286 in
1752 3244 1947 3300 praedie'tis
1961 3246 2185 3288 Germania:
2214 3248 2341 3302 parti-

1315 3301 1389 3345 bus
1417 3299 1503 3343 sunt
1517 3329 1533 3354 ,
1558 3301 1770 3354 volumus,
1795 3305 1837 3345 &
1853 3303 1947 3346 Tibi
1961 3303 2140 3347 similiter
2153 3306 2195 3347 in
2214 3307 2341 3349 virtu-

1315 3369 1359 3403 te
1384 3363 1532 3404 Sanstae
1558 3360 1813 3405 Obedientiae
1837 3363 2084 3418 praecipimus
2110 3365 2151 3405 δι
2173 3365 2341 3408 manda-

1314 3432 1427 3470 mus,
1440 3428 1486 3461 ut
1502 3418 1645 3474 vigore
1659 3420 1907 3475 praesentium
1928 3421 2045 3472 nihil,
2064 3422 2174 3478 quod
2188 3423 2341 3466 Mimo-

1315 3477 1434 3520 nibus
1463 3486 1547 3519 tam
1574 3479 1764 3522 haetenus
1794 3476 1933 3531 saetis,
1964 3482 2085 3535 quam
2109 3481 2164 3524 de
2184 3494 2336 3525 caetero

1310 3535 1533 3584 faciendis,
1560 3537 1874 3593 omnimodoquo
1899 3540 2159 3594 personarum
2174 3540 2226 3582 ad
2245 3540 2339 3583 Mis-

1318 3593 1446 3639 fiones
1476 3593 1699 3651 hujusmodi
1714 3595 1999 3642 destinatarum
2027 3599 2226 3642 exercitio
2242 3612 2337 3653 pra:-

1317 3652 1502 3711 judicare
1513 3683 1528 3706 ,
1544 3654 1610 3697 seu
1624 3667 1690 3696 eas
1708 3654 1746 3696 in
1762 3654 1870 3698 dicto
1884 3656 2088 3699 exercitio
2108 3657 2305 3712 impedire
2319 3683 2335 3706 ,

1316 3712 1382 3754 vel
1400 3712 1610 3755 retardare
1632 3712 1793 3765 valeat,
1821 3713 1961 3767 dicas,
1992 3729 2135 3771 geras,
2168 3714 2247 3757 five
2275 3713 2337 3757 fa-

1316 3771 1422 3820 cias,
1453 3771 1644 3827 quodque
1659 3798 1674 3821 ,
1688 3770 1712 3812 fi
1728 3772 1861 3828 aliqua
1887 3773 1992 3817 inter
2011 3776 2074 3816 Te
2091 3801 2106 3822 ,
2131 3775 2171 3814 δι
2188 3773 2337 3816 Miffio-

1316 3829 1449 3875 narios
1477 3828 1701 3889 hujusmodi
1729 3831 1766 3871 in
1794 3831 1994 3889 proemiss'is
2007 3831 2234 3875 differentia
2254 3834 2335 3876 five

1647 3891 1686 3933 N
1702 3902 1726 3931 n
1758 3902 1778 3931 2
2182 3904 2281 3933 con·
