2664 4114
1044 127 1141 150 Χ

954 244 1594 362 Messanenfis.

205 387 250 416 ac
277 371 358 414 litis
382 372 422 412 &
436 367 671 426 posseffionis
685 368 761 410 &c.
786 378 858 408 nec
873 376 951 405 non
969 367 1215 418 primome'tae

202 430 416 478 Domus2ac
431 423 1074 478 viridarii,Cisternae,aliorumque
1089 434 1213 460 mem·

201 489 540 547 broruni‚Juriun1
555 487 594 526 &
609 484 940 540 pertinentiarum
957 476 1209 534 praefatarum

200 550 456 594 sstuationes,
485 543 690 592 confines,
720 541 934 595 qualitates
958 565 973 588 ‚
1003 539 1208 592 quantita-

200 616 259 648 tes
274 634 289 656 ,
321 603 511 646 vocabula
526 631 541 652 ,
570 598 912 643 denominationes
924 624 940 645 ‚
957 607 1207 650 quacumque

198 662 340 719 reguls
354 661 555 704 contraria
577 672 656 700 non
677 656 854 698 obstante
870 682 884 704 ‚
898 655 1117 695 habeantur
1133 666 1206 705 pro

198 722 385 778 expressis
398 747 412 769 a
434 721 497 762 seu
515 719 555 759 in
571 727 658 757 toto
673 715 736 755 vel
753 723 866 767 parte
881 712 1049 766 exprimi
1065 708 1204 765 possint

198 783 237 822 &
261 793 352 822 cum
367 775 534 822 clausula
548 773 781 830 generalem
802 771 1116 812 reservationem
1130 768 1205 806 im-

198 848 389 896 portante
404 849 451 878 ex
465 832 601 889 quavis
621 830 736 873 causa
766 829 804 871 in
828 829 973 871 litteris
988 828 1113 868 etiam
1127 821 1206 865 dis-

201 894 369 952 positive
387 890 656 945 exprimendo
671 916 683 931 .

257 955 311 995 Et
325 951 378 993 de
397 948 623 993 admiffione
638 946 913 1003 resignationis
937 943 1000 986 seu
1016 939 1202 984 dimissio-

203 1013 262 1054 nis
281 1008 502 1066 hujusmodi
521 1035 535 1058 ,
561 1021 605 1050 ac
621 1006 768 1047 unione
793 1005 869 1044 ἃς.
900 1002 968 1044 seu
988 999 1205 1042 conceffio-

200 1084 249 1113 ne
263 1070 338 1110 &c-
365 1065 475 1108 dietae
504 1063 688 1107 Ecclefiae
716 1066 864 1107 Sanfiae
894 1062 1050 1106 Mariae,
1082 1054 1204 1098 illius-

200 1141 278 1183 que
297 1122 437 1169 domus
455 1151 470 1175 ‚
502 1122 704 1172 viridarii,
735 1120 925 1163 Cisternae
953 1117 1204 1169 aliorumque

197 1186 498 1232 membrorum,
528 1180 672 1236 jurium
698 1178 1084 1232 &pertinentiarum
1115 1186 1205 1228 pre-

201 1243 369 1286 fatarum
394 1239 635 1294 primodifitae
662 1237 806 1278 Domui
822 1263 836 1286 ‚
868 1233 932 1275 seu
951 1232 1056 1273 illius
1071 1229 1204 1273 sacri·

200 1302 277 1343 stiae
299 1299 362 1342 vel
383 1297 580 1340 Fabricae.
613 1297 673 1335 Ita
699 1293 805 1349 quod
831 1294 955 1334 etiam
982 1290 1102 1331 liceat
1126 1291 1206 1330 διε.

200 1373 290 1402 cum
309 1357 493 1402 decreto,
515 1353 776 1407 derogatione
797 1353 919 1393 etiam
950 1349 1094 1403 regulae
1115 1349 1206 1391 de,

199 1416 407 1461 unionibus
421 1410 720 1455 committendis
742 1409 791 1451 ad
808 1420 956 1464 partes,
973 1407 1120 1450 vocatis
1132 1408 1208 1447 &c-

200 1471 541 1531 exprimendoque
577 1467 716 1524 valore
744 1470 819 1510 ἃς.
860 1481 905 1509 ac
937 1464 1209 1507 Lateranensis

200 1531 374 1577 Concilii
392 1526 612 1585 hujusmodi
636 1525 800 1581 aliisque
816 1522 1010 1581 praemissis
1027 1552 1041 1574 ‚
1070 1534 1113 1565 ut
1146 1521 1209 1564 su-

197 1606 296 1649 pra,
321 1590 542 1646 perpetuo,
571 1587 662 1628 &in
680 1583 806 1627 forma
832 1581 1002 1640 gratiosa
1029 1580 1210 1624 latissime

198 1647 482 1693 extendendo.

259 1710 313 1751 Et
331 1705 438 1762 quod
467 1703 611 1745 litterae
626 1702 797 1758 desuper
816 1702 854 1743 in
882 1700 1008 1744 ferma
1026 1696 1209 1754 simplicis

199 1775 407 1823 perpetuae
419 1762 573 1804 unionis
588 1763 664 1804 &c-
682 1762 746 1803 seu
761 1760 1015 1803 concessionis
1029 1760 1105 1800 &c-
1121 1771 1209 1811 gra-

199 1822 303 1867 tiosae
334 1820 622 1875 subrogationis
646 1848 662 1872 ,
694 1819 812 1862 etiam
841 1821 972 1873 quoad
1012 1813 1210 1872 poii‘efiio-

199 1895 292 1925 nem
315 1880 471 1935 gratiae,
503 1877 527 1919 fi
544 1881 675 1921 neutri
695 1903 708 1926 ‚
739 1877 907 1924 finnus,
939 1876 1095 1917 sialteri
1119 1886 1210 1928 per-

198 1939 295 1983 inde
323 1939 363 1979 &
387 1938 509 1979 etiam
537 1936 675 1977 valere
702 1948 793 1975 cum
822 1932 1114 1988 gratificatione
1142 1944 1211 1984 op-

199 2006 374 2054 portuna
393 2021 406 2044 ,
436 2002 630 2048 quatenus
645 1993 702 2034 illi
719 1993 828 2034 locus
845 1992 890 2033 sit
903 2017 917 2039 a
935 1990 1211 2040 extendendi,

199 2053 308 2100 simul
325 2052 390 2096 vel
412 2052 460 2094 ad
478 2062 631 2107 partem
646 2051 827 2105 expediri
845 2049 1007 2105 possint.

258 2115 310 2155 Et
342 2125 433 2154 cum
459 2110 724 2165 derogatione
746 2108 910 2152 aliarum
941 2110 1211 2166 regularum..-

201 2170 428 2217 Sanctitatis
444 2169 577 2211 vestrae
601 2169 653 2211 de
676 2167 833 2209 annuali
857 2164 1065 2223 possessore
1080 2165 1211 2221 quoad

199 2231 372 2287 primam
386 2227 471 2283 ejus
487 2236 660 2282 partem,
670 2240 714 2267 ac
731 2229 979 2268 statutorum
996 2228 1072 2268 ὅτε.
1089 2223 1212 2279 privi-

201 2288 481 2343 legiorumque
518 2286 593 2324 διε.
623 2283 937 2339 supraditilorum
961 2285 1000 2324 δε
1025 2295 1211 2340 quorum-

203 2357 375 2395 cumque
393 2343 560 2384 aliorum
577 2341 886 2395 quomodolibet
901 2343 1214 2389 contrariorum,

206 2418 281 2447 nec
307 2415 385 2444 non
402 2400 495 2442 dieti
513 2397 875 2456 Jurispatronauis,
906 2399 1055 2441 etiamsi
1076 2398 1213 2440 Laico-

205 2475 298 2506 rum
323 2461 502 2506 tantum,
533 2459 654 2500 etiam
682 2458 877 2502 nobilium
901 2460 940 2499 &
967 2457 1184 2499 Illustrium
1205 2481 1220 2504 ‚

206 2520 340 2573 eisque
361 2530 410 2559 ex
440 2516 670 2559 fundatione
701 2515 764 2558 vel
782 2516 989 2558 dotatione
1012 2523 1216 2569 competat

205 2581 245 2621 in
263 2587 422 2624 totum,
452 2584 612 2616 attento
631 2572 821 2617 consensu
845 2575 1127 2617 modernorum
1145 2574 1215 2613 Pa·

210 2647 420 2679 tronorum
444 2631 510 2675 seu
525 2635 784 2676 Patronarum
798 2662 811 2684 ,
842 2635 879 2674 &
896 2648 986 2675 cum
1007 2631 1216 2688 suspensio-

207 2708 261 2737 ne
296 2704 636 2748 quarumcumque
670 2691 924 2745 specialium,
957 2693 1020 2734 vel
1049 2702 1216 2745 genera-

209 2753 306 2795 lium
323 2778 337 2800 ,
367 2751 488 2793 etiam
505 2748 737 2790 mentalium
756 2749 1062 2793 reservationum
1081 2777 1094 2800 ‚
1122 2747 1218 2789 alia-

207 2823 376 2863 rumque
393 2809 581 2850 unionum
595 2809 673 2848 &c·
686 2805 993 2862 suppreffionum
1009 2811 1082 2850 διε-
1097 2807 1221 2847 etiam

207 2878 520 2925 perpetuarum,
544 2879 588 2906 ac
606 2865 885 2907 mandatorum
909 2867 1029 2908 etiam
1056 2867 1109 2905 de
1134 2876 1223 2917 pro·-

207 2926 388 2969 videndo
414 2927 490 2967 δίς.
518 2923 857 2978 expetiiativarum
886 2925 922 2963 &
946 2924 1110 2964 aliarum
1135 2934 1225 2974 gra-

211 2985 356 3027 tiarum
382 2986 460 3026 &c-
482 2981 682 3036 quibusvis
706 2983 782 3022 διε.
803 2981 926 3023 etiam
939 2978 1223 3024 Cardinalibus

211 3045 286 3084 &c-
306 3056 351 3084 ac
378 3043 474 3086 alias
491 3038 797 3096 quomodolibet
812 3038 998 3082 concessis
1023 3051 1112 3080 cum
1141 3039 1224 3077 De-

214 3111 357 3151 creto,
386 3099 491 3154 quod
518 3099 557 3141 se
580 3098 629 3140 ad
660 3096 845 3152 praemissa
871 3112 949 3139 non
975 3095 1224 3145 extendant,

215 3156 394 3200 latiffime
424 3156 701 3208 extendendi,
730 3157 832 3198 citra
866 3167 997 3198 tamen
1031 3151 1222 3197 accessum

215 3218 255 3258 δε
283 3213 497 3271 regressum
517 3240 532 3262 a
562 3227 606 3255 ac
622 3214 674 3255 de
686 3214 874 3258 consensu
899 3212 1169 3256 coadiutorias
1184 3213 1223 3252 δε

215 3288 308 3316 cum
337 3282 587 3330 opportuna,
619 3270 643 3311 si
666 3272 895 3324 videbitur,
926 3281 1223 3328 exequtorum..

213 3332 507 3386 deputatione,
540 3329 875 3384 quiaffistant&c.
903 3331 1025 3375 etiam
1049 3329 1114 3373 sub
1129 3341 1224 3370 cen-

214 3389 313 3433 suris
338 3393 414 3432 &c-
440 3402 530 3431 cum
554 3386 746 3430 facultate
777 3389 928 3432 citandi
957 3391 997 3429 ἃ.
1022 3384 1226 3431 inhibendi

214 3451 292 3491 &c.
319 3450 443 3491 etiam
469 3445 536 3489 sub
560 3445 745 3487 similibus
771 3447 834 3490 vel
860 3447 1103 3489 dissimilibus
1130 3457 1225 3487 cen-

215 3507 313 3550 suris
338 3509 416 3548 &c.
431 3519 474 3548 ac
497 3504 618 3547 etiam
645 3519 717 3559 per
731 3505 904 3548 edictum
928 3506 1132 3561 publicum
1149 3504 1226 3543 &c-

215 3564 482 3614 declarandi,
513 3563 780 3619 aggravandi‚
811 3565 1127 3620 reaggravandi,
1158 3574 1228 3602 ex·

219 3621 537 3666 communicandi
569 3650 583 3672 ‚
618 3622 901 3666 intercedendi
930 3625 1005 3664 &c-
1045 3623 1229 3664 invocato

218 3685 297 3724 &c-
329 3680 478 3724 auxilio
507 3681 663 3723 Brachii
689 3679 876 3723 secularis
902 3708 916 3730 ,
947 3696 1037 3724 cum
1058 3681 1229 3732 deroga-

218 3743 330 3784 tione
349 3739 542 3781 dictarum
563 3765 577 3787 ,
611 3753 689 3781 non
712 3750 846 3781 tamen
872 3741 1017 3788 trium,
1050 3733 1230 3780 latissime

1277 363 1439 416 singulm
1452 376 1516 401 um
1532 390 1545 412 ,
1577 358 1699 400 etiam
1731 352 2042 398 invocationibus
2064 381 2079 404 ‚
2110 353 2292 393 denomi-

1276 419 1500 461 nationibus
1515 448 1531 469 ‚
1548 416 1835 459 annexionibus
1850 441 1864 464 ‚
1877 412 2140 467 qualitatibus
2155 437 2170 460 2
2185 424 2291 452 nun-

1269 470 1549 532 cupanombus'
1564 505 1576 525 ‚
1610 473 1833 516 confinibus
1846 497 1860 519 2
1887 470 2171 525 dependentiis
2184 496 2199 519 ,
2211 469 2291 508 cir-

1265 535 1509 576 cumstantiis
1524 562 1538 584 ‚
1561 533 1816 586 aliorumque
1839 527 2145 571 necessariorum
2159 525 2291 581 major

1268 595 1308 633 &
1335 596 1467 634 verior
1482 589 1724 645 specificatio
1740 591 1775 629 &
1793 586 1986 642 expreffio
2010 586 2098 629 fieri
2116 583 2288 641 poffitin

1266 651 1415 692 litteris
1441 649 1551 690 simul
1569 647 1632 688 vel
1647 650 1696 690 ad
1711 658 1867 700 partem
1885 644 2146 700 expediendis
2161 670 2174 683 .

1328 769 1473 806 Datum
1504 765 1642 804 Romae
1674 760 1778 815 apud
1802 703 2189 803 SanRunlsllgjbfriiiii
2209 760 2292 800 Ka*

1266 821 1398 863 lendis
1423 822 1670 862 Novembris
1699 817 1962 861 Pontificatus
2002 817 2140 859 Nostri
2173 820 2292 859 Anno

1264 878 1534 922 duodecimo.

1323 993 1622 1050 Autograpbum
1657 993 1699 1033 in
1720 991 1884 1034 Archivo
1913 991 2102 1032 Generali
2129 988 2289 1033 Orditu‘s

1377 1057 1564 1096 Armorio
1581 1050 1791 1094 Provincia
1806 1048 2055 1092 Messanensis
2069 1076 2081 1088 .

1269 1235 1468 1287 Eandem
1501 1233 1805 1284 infirmariam
1829 1233 1854 1282 ἃ
1887 1238 2041 1283 Domo
2073 1236 2287 1280 Fratrum

1336 1304 1544 1356 Messanae
1572 1301 1915 1361 dismembrati,
1955 1303 2003 1354 ἃ
2026 1303 2105 1351 hos
2136 1300 2192 1351 ad
2212 1316 2291 1348 no-

1339 1394 1446 1425 vam
1474 1374 1781 1443 posseffionem
1812 1373 1993 1431 induci,
2032 1366 2290 1439 Archiepiss

1337 1448 1484 1514 copali
1506 1447 1691 1495 Vicario
1714 1445 1993 1495 committit.

1300 1571 1453 1616 Dia-&¹0
1467 1571 1572 1615 Pilio
1605 1571 1833 1615 Venerabilis
1852 1574 2011 1615 Fratris
2035 1566 2260 1625 Archiepif-

1353 1633 1436 1686 copi
1458 1628 1895 1731 Mffmm'ggffiolssn
1908 1628 2193 1688 spiritualibus

1271 1789 1786 1860 PAULUs
1873 1807 2289 1857 PAPAV.

1390 1932 1544 1978 Dileflc
1558 1935 1638 1977 Ftle'
1661 1936 1833 1978 Salutem
1862 1934 1910 1982 &³
1928 1935 2178 1993 Apostolicam

1616 1993 1919 2035 Benediffloncm
1935 2022 1948 2034 .

1372 2107 1505 2164 Xponi
1531 2109 1658 2152 Nobis
1687 2123 1814 2164 nuper
1831 2107 2015 2153 fecerunt
2035 2108 2181 2152 Dileffi
2199 2108 2293 2152 Filii

1401 2167 1656 2210 Guardianus
1684 2170 1723 2210 &
1756 2170 1914 2212 Fratres
1947 2167 2099 2211 Domfis
2126 2168 2292 2210 Ordinis

1273 2231 1349 2269 H‘.
1369 2230 1470 2268 ΜΜ.
1491 2227 1788 2278 Capucinorum
1815 2235 2028 2282 nuncupat.
2056 2226 2259 2268 Meffanen
2277 2254 2294 2277 ‚

1274 2287 1381 2341 quod
1399 2284 1514 2333 alias,
1526 2297 1617 2325 cum
1632 2285 1735 2326 dieta
1753 2287 1902 2326 Domus
1914 2286 1937 2328 ὲ
1951 2285 2132 2328 Civitate
2149 2283 2295 2326 Messa-

1275 2357 1366 2384 nen.
1385 2342 1438 2382 ita
1454 2340 1635 2394 distaret,
1649 2353 1694 2384 ut
1714 2345 1873 2384 Fratres
1890 2343 1982 2384 dicti
1999 2342 2164 2384 Ordinis
2182 2339 2294 2382 infir-

1279 2402 1332 2442 mi
1356 2400 1572 2441 difficulter
1587 2401 1607 2441 a
1626 2399 1798 2441 Medicis
1816 2400 1963 2442 visitari
1979 2429 1992 2452 ,
2022 2403 2059 2442 &
2074 2400 2125 2442 ab
2149 2412 2291 2441 eorum

1277 2457 1571 2500 infirmitatibus
1594 2458 1725 2499 curari
1751 2460 1903 2512 possent
1931 2486 1944 2508 ,
1977 2459 2049 2500 fel.
2076 2472 2159 2499 rec.
2183 2460 2293 2499 Gre-

1278 2517 1412 2572 gorius
1435 2517 1537 2570 Papa
1563 2518 1682 2557 xm.
1703 2513 1964 2558 Praedecessor
1990 2515 2123 2559 noster
2147 2515 2294 2557 Eccle-

1276 2576 1368 2615 siam
1397 2576 1735 2616 Annuntiatellam
1761 2584 2025 2629 nuncupatam
2046 2571 2259 2616 Meffanen.
2275 2600 2290 2623 ‚

1277 2647 1358 2688 quae
1396 2631 1448 2673 de
1476 2631 1807 2686 jurepatronatus
1842 2633 2034 2676 laicorum
2071 2646 2120 2674 ex
2151 2629 2295 2673 funda·

1279 2692 1390 2733 tione
1413 2690 1477 2731 vel
1502 2691 1713 2739 dotatione
1739 2691 1930 2733 existebat
1948 2720 1962 2742 ,
1993 2703 2087 2734 tunc
2105 2688 2294 2746 perlibe-

1280 2762 1365 2791 ram
1395 2749 1701 2802 resignationem
1728 2750 1876 2791 Dileeti
1905 2751 1994 2792 Filii
2018 2748 2234 2792 salvatoris
2255 2748 2295 2790 la

1281 2806 1399 2850 Celsa
1424 2808 1607 2848 aectoris
1634 2807 1746 2849 dietae
1769 2808 1952 2850 Ecclesiae
1977 2809 2029 2850 de
2045 2808 2142 2859 illa,
2172 2820 2295 2862 quam

1285 2875 1381 2906 tunc
1402 2865 1614 2906 obtinebat
1636 2876 1749 2907 extra
1783 2868 2004 2908 Romanam
2031 2868 2197 2908 (uriam
2224 2878 2297 2905 co·

1285 2936 1371 2964 ram
1388 2923 1561 2964 Notario
1587 2924 1778 2978 publico,
1808 2925 1847 2965 &
1870 2925 2081 2974 Teflibus,
2111 2940 2156 2966 ac
2178 2922 2296 2963 Vica-

1286 2982 1345 3022 rio
1362 2994 1433 3034 per
1453 2980 1628 3022 Dilectos
1645 2982 1763 3023 Filios
1778 2981 2007 3036 Capitulum
2034 2982 2196 3039 Majoris
2217 2983 2296 3020 Ec*

1284 3037 1408 3080 clefiae
1439 3037 1684 3091 Messanen·‚
1717 3040 1798 3095 ejus
1818 3039 1924 3081 Sede
1954 3037 2295 3094 Archiepiscopali

1285 3097 1453 3138 Pastoris
1479 3096 1619 3139 solatio
1643 3109 1737 3140 tunc
1766 3097 1982 3148 destituta,
2014 3098 2208 3150 deputato
2238 3096 2298 3137 fa-

1284 3158 1411 3205 ctam,
1440 3157 1478 3196 &
1506 3170 1576 3209 per
1606 3156 1793 3198 eumdem
1817 3156 2019 3197 Vicarium
2039 3182 2053 3204 ‚
2085 3156 2179 3197 licet
2207 3155 2297 3200 de,

1283 3211 1412 3265 faCto;
1444 3214 1576 3269 postea
1608 3214 1706 3257 vero
1733 3215 1756 3256 ὲ
1781 3213 1889 3254 dieo
1913 3214 2113 3268 Gregorio
2141 3214 2299 3256 Praede-

1284 3268 1433 3313 cessore
1447 3269 1648 3314 admissam
1666 3300 1681 3323 ,
1696 3284 1905 3313 vacantem
1919 3299 1933 3322 ,
1946 3286 2036 3313 cum
2053 3272 2159 3314 illius
2174 3273 2297 3315 domo

1286 3329 1351 3371 seu
1365 3328 1547 3371 domibus
1565 3358 1578 3380 ,
1610 3345 1654 3371 ac
1674 3330 1862 3372 viridario
1875 3355 1889 3377 ‚
1916 3332 1952 3371 &
1966 3331 2134 3373 cisterna
2148 3361 2163 3383 ,
2194 3330 2299 3374 aliis-

1286 3402 1363 3443 que
1389 3388 1576 3430 membris
1599 3416 1613 3438 ,
1644 3387 1795 3441 juribus
1818 3389 1857 3428 &
1883 3390 2137 3442 pertinentiis
2164 3390 2319 3441 eidem¹

1288 3444 1477 3488 Ecclefiae
1503 3473 1518 3495 ‚
1547 3460 1592 3486 ac
1619 3446 1723 3488 illius
1753 3446 1887 3488 domui
1920 3445 1988 3490 seu
2018 3447 2200 3490 domibus
2226 3449 2300 3490 hu·

1286 3502 1453 3561 jusmodi
1475 3504 1636 3546 annexis
1652 3506 1691 3544 &
1715 3505 1904 3547 connexis
1918 3533 1931 3555 ‚
1946 3506 2191 3561 primodidiae
2213 3509 2298 3549 Do-

1289 3562 1371 3605 mui
1395 3561 1443 3604 ad
1467 3561 1560 3604 inibi
1583 3576 1697 3604 unam
1718 3561 1981 3606 Infirmas-iam
2010 3579 2085 3619 pro
2109 3565 2300 3608 curandis

1289 3621 1402 3663 dictis
1431 3618 1811 3664 Fratribusinfirmis
1830 3623 2064 3678 erigendam
2091 3627 2130 3665 ὃς
2147 3624 2300 3666 institu-

1290 3680 1430 3723 endam
1450 3707 1464 3729 ,
1495 3680 1552 3721 ita
1570 3677 1675 3734 quod
1706 3678 1848 3722 liceret
1870 3680 2018 3724 eisdem
2040 3682 2269 3725 Guardiano
2287 3709 2302 3731 ‚

1291 3741 1330 3779 δι
1358 3738 1562 3780 Fratribus
1590 3737 1842 3792 corporaiem
1871 3765 1886 3787 ι,
1918 3740 2071 3782 realem
2103 3742 2143 3781 &
2167 3742 2301 3781 aetua-

218 3795 465 3844 extendendi
490 3800 530 3839 δε
555 3797 659 3854 quod
685 3798 964 3854 praemiflomm
992 3798 1171 3856 omnium
1193 3795 1232 3835 &
1292 3798 1370 3840 lem
1395 3795 1664 3853 poffeffionem
1687 3797 1870 3841 Ecclesiae
1889 3826 1903 3850 ‚
1931 3813 1975 3841 ac
1995 3798 2101 3842 illius
2122 3795 2272 3841 Domus
2289 3826 2305 3850 2

334 3859 437 3900 Tom.
456 3859 528 3900 111.

1675 3856 1711 3898 Ζ
1744 3871 1769 3899 2
2139 3856 2246 3897 &vi-
