2664 4114
338 265 505 353 134

268 359 318 416 Δ
345 351 627 414 Monialibus
664 345 884 401 Civitatis
931 343 1187 398 Castroniti
1222 347 1296 400 seu

270 422 272 425 ⁵
337 426 617 495 castellanen
640 436 818 491 partem
843 419 1003 488 primae
1030 436 1187 469 earum
1208 423 1300 472 Do-

333 498 439 551 mfis
469 496 601 547 vendi
626 528 641 551 ,
682 491 730 542 ὅ(
767 491 968 559 pretium
1000 490 1048 538 in
1082 506 1209 540 novae
1237 487 1303 539 fa-

336 569 471 620 bricae
509 564 639 616 usum
675 563 887 613 converti
922 559 1162 630 indulget.

294 697 333 742 'A
352 704 496 749 tergor
536 694 620 735 Vcn.
642 686 788 735 Fratri
808 689 989 748 Epifiopo
1008 689 1304 744 Castellanetcn.

351 767 396 796 ac
422 750 579 794 Diletlo
607 749 713 795 Filio
741 751 1020 792 Archidt'acono
1043 748 1219 806 Ecclesiae

632 807 932 868 castellanum.

266 929 922 983 INNOCENTIUS
971 929 1178 977 PAPA
1229 929 1300 975 X.

346 1061 433 1104 Ven.
465 1059 642 1108 Frater,
658 1057 740 1113 seu
771 1054 923 1099 Ditem
952 1055 1032 1099 Fili
1044 1053 1222 1111 filatum

441 1116 490 1165 θ’
514 1116 769 1178 Apostolicam
794 1114 1097 1158 Benediffionem
1112 1142 1124 1156 .

271 1244 275 1246 “
418 1236 534 1289 Uper
558 1248 636 1291 pro
662 1240 778 1289 parte
806 1233 1055 1276 Dilectarum
1076 1228 1117 1272 in
1131 1229 1294 1284 Christo

434 1292 625 1334 Filiarum
644 1292 856 1334 Abbatissae
879 1293 919 1331 &
948 1290 1185 1333 Monialium
1210 1292 1295 1331 Ca·

264 1357 506 1411 pucinarum
530 1359 848 1404 nuncupatarum
875 1348 1111 1393 Monasterii
1137 1352 1178 1391 S.
1203 1350 1294 1389 Ma·

263 1412 332 1454 riae
362 1407 525 1461 Refugii
553 1408 799 1462 nuncupati,
825 1406 1015 1448 Civitatis
1042 1405 1297 1448 Castellane-

263 1480 348 1512 ten.
382 1466 512 1509 Nobis
542 1465 765 1521 expofitum
783 1465 860 1507 suit
881 1492 896 1515 ,
926 1463 1034 1520 quod
1068 1462 1155 1519 ipsae
1180 1464 1294 1507 annis

262 1525 535 1581 superioribus
552 1551 567 1575 ,
595 1532 812 1580 antequam
842 1523 1134 1566 Monasterium
1153 1522 1298 1577 praedi-

266 1589 375 1627 etum
389 1613 404 1638 ‚
427 1581 534 1639 quod
555 1582 665 1638 prius
682 1582 1045 1626 Conservatorium
1060 1582 1295 1626 Puellarum

263 1643 334 1687 seu
354 1643 566 1698 Virginum
589 1651 706 1694 erat,
731 1641 948 1684 claustrale
979 1639 1119 1690 foret,
1150 1644 1296 1685 coactae

263 1702 435 1744 suerunt
462 1700 487 1741 ὲ
514 1698 639 1754 prima
663 1714 801 1743 earum
835 1701 1120 1748 habitatione,
1145 1702 1185 1743 in
1216 1714 1295 1756 qua

262 1774 403 1804 omnes
429 1759 482 1801 ob
497 1759 603 1800 'aieris
616 1759 924 1801 inclementiam
949 1757 1120 1801 adversa
1135 1759 1297 1801 valetu-

261 1820 358 1862 dine
388 1818 634 1870 utebtntur,
661 1815 874 1860 discedere
892 1846 907 1869 ‚
934 1817 1140 1873 aliumque
1170 1817 1289 1860 situm

260 1877 523 1922 salubriorem
540 1904 556 1928 2
583 1876 623 1922 in
644 1891 724 1935 quo
745 1876 795 1919 ad
814 1877 982 1936 praesens
1005 1876 1160 1928 degunt
1175 1907 1190 1929 ,
1217 1876 1289 1919 fibi

258 1937 440 1992 eligere.

321 1996 426 2037 Cum
441 2005 576 2036 autem
595 2020 610 2043 a
635 1993 734 2038 sicut
758 1995 902 2037 eadem
920 1994 1118 2050 expositio
1131 1995 1296 2052 subjun.

261 2054 411 2110 gebat,
432 2053 570 2096 eidem
589 2053 831 2096 Monasterio
857 2055 899 2096 in
926 2051 1086 2097 fabricis
1113 2054 1290 2098 necessa-

257 2114 328 2157 riis
358 2110 534 2167 impensa
561 2111 800 2155 ducatorum
831 2123 998 2155 centum
1029 2115 1069 2155 δι
1093 2115 1291 2171 quinqua-

257 2171 369 2228 ginta
387 2179 558 2212 monetae
576 2171 708 2227 Regni
727 2172 928 2228 Neapolis
950 2171 998 2215 ad
1023 2173 1194 2228 praesens
1217 2188 1290 2216 ne-

258 2227 423 2272 cessaria
451 2227 523 2278 sit,
551 2229 746 2287 illamque
773 2231 859 2288 ipsae
885 2233 1150 2288 Exponentes
1175 2233 1290 2276 nulla

256 2287 339 2333 alia
364 2288 517 2330 utiliori
546 2290 703 2332 ratione
730 2290 868 2333 facere
894 2289 1036 2347 possint
1053 2321 1067 2344 ,
1094 2293 1216 2348 quam
1237 2306 1290 2334 ex

258 2347 378 2391 unius
404 2347 531 2402 partis
557 2361 700 2390 earum
725 2349 862 2405 primae
892 2348 1045 2393 Domus
1067 2353 1107 2392 &
1134 2353 1293 2394 habita-

263 2407 414 2457 tionis,
435 2406 581 2449 valoris
608 2407 646 2448 in
666 2409 919 2463 proprietate
933 2420 1101 2453 centum
1117 2412 1290 2468 &quin-

257 2464 445 2520 quaginta
479 2464 721 2510 ducatorum
737 2467 923 2511 similium
951 2469 1288 2512 constituentium

252 2524 446 2565 summam
465 2525 684 2580 nonaginta
698 2525 870 2569 circiter
882 2557 897 2579 ,
918 2542 1055 2571 annuae
1070 2531 1173 2572 vero
1189 2542 1285 2584 pen-

254 2582 372 2624 sionis
400 2590 572 2636 quatuor
588 2583 857 2634 ‚ducatorum
887 2588 972 2627 auri
987 2587 1040 2629 de
1061 2602 1221 2631 camera
1235 2586 1287 2630 ad

258 2639 448 2682 effeftum
474 2639 707 2694 p-raemiffum
731 2642 968 2687 venditione
987 2674 999 2685 .
1033 2647 1165 2688 Nobis·
1188 2660 1286 2701 pro·

253 2707 400 2754 pterea
427 2697 578 2738 eaedem
601 2698 807 2742 Abbatiffa
832 2702 870 2742 &
900 2703 1099 2745 Moniales
1125 2706 1287 2747 humili-

252 2766 321 2799 ter
341 2754 552 2809 supplicari
579 2753 766 2800 fecerunt
782 2787 797 2809 ‚
824 2768 870 2801 ut
887 2759 956 2801 sibi
980 2761 1033 2803 de
1057 2772 1288 2819 opportuna

254 2815 297 2856 in
322 2812 520 2869 praemiflis
550 2812 716 2858 licentia
738 2817 956 2871 providere
982 2819 1035 2863 de
1061 2821 1291 2879 benignita-

255 2883 300 2915 te
319 2870 550 2926 Apostolica
574 2872 860 2929 dignaremur.
1280 2867 1291 2875 ⁴

315 2933 402 2973 Nos
422 2930 554 2985 igitur
578 2930 738 2975 easdem
753 2935 994 2980 Abbatissam
1021 2940 1061 2981 δε
1086 2943 1286 2985 Moniales

257 2987 497 3045 specialibus
511 2990 588 3032 διε.
612 2991 800 3038 volentes
818 3025 832 3048 ‚
856 2997 894 3039 &
909 3010 1048 3039 earum
1071 2999 1285 3056 singulares

256 3048 444 3113 personas
459 3049 482 3091 ὲ
502 3049 702 3104 quibusvis
720 3055 793 3098 &c.
821 3054 1027 3098 censentes
1043 3082 1056 3104 a
1080 3059 1285 3114 hujusmo-

257 3105 300 3145 di
318 3104 673 3174 supplicationibus
692 3109 890 3166 inclinati,
904 3117 1284 3172 Fraternitati'ruae,

261 3164 406 3229 Frater
427 3165 668 3230 ‘Episcope,
699 3185 745 3214 ac
781 3171 1026 3218 Discretioni
1055 3177 1178 3226 Tuae,
1209 3180 1285 3221 Fili

260 3220 596 3278 Archidiacone,
625 3243 697 3284 per
730 3233 944 3285 praesentes
969 3236 1287 3290 committimus,

262 3278 304 3317 δι
332 3279 560 3349 mandamus
593 3314 607 3336 ‚
631 3299 831 3338 quatenus
848 3319 863 3342 ,
900 3291 926 3333 fi
943 3318 957 3340 a
983 3296 1023 3336 ὃς
1046 3295 1287 3351 postquam...

265 3344 418 3398 V0C³F¹⁸
440 3363 454 3385 i
486 3352 551 3391 qui
581 3342 734 3389 fuerint
765 3349 994 3403 evocandi,
1020 3368 1064 3396 ac
1093 3355 1288 3409 praemissis

269 3392 453 3433 ⁰⁰¹⁰¹bus
476 3395 512 3434 &
543 3397 699 3453 singulis
717 3434 731 3455 ‚
761 3406 1008 3466 illorumque
1031 3413 1291 3460 circumstan-

263 3449 333 3490 tiis
356 3449 547 3516 universis
578 3460 690 3504 prius
706 3478 847 3507 coram
862 3469 991 3511 vobis
1018 3471 1258 3527 specificans

271 3505 325 3547 de
349 3507 578 3553 venditione
603 3517 642 3556 &
1274 3503 1290 3527 ⁹

268 3621 321 3662 &i
351 3623 578 3666 Monasserii
602 3630 754 3676 cessurae
776 3639 849 3682 fint
873 3644 1095 3690 utilitatem
1120 3679 1133 3700 ‚
1165 3651 1292 3695 Vobis

273 3682 516 3734 conjunctim
532 3688 835 3753 procedentibus
850 3698 1030 3756 legitime
1046 3709 1273 3753 constiterit

271 3737 387 3789 super
423 3751 502 3792 quo
537 3745 815 3794 conscientiam
1276 3739 1291 3763 ²

272 3794 423 3837 eisdem
439 3797 645 3845 Abbaiissae
667 3806 705 3847 &
726 3810 835 3853 Moni

847 3761 1015 3805 vestram
1046 3781 1259 3811 oneramus
1275 3796 1290 3819 ⁵

841 3816 965 3862 alibus
993 3825 1288 3881 venditionem,

266 3562 307 3604 d.
576 3570 583 3577 ,
669 3523 1067 3572 pretiiconverfione
1094 3531 1295 3587 hujusmo-

300 3578 341 3612 ι,
368 3565 556 3619 quodque
575 3570 714 3623 illae-,si
743 3578 838 3624 fiant
861 3615 877 3635 ,
905 3586 945 3628 in
971 3589 1206 3635 evidentem
1231 3592 1295 3634 di-

1098 227 1646 320 Provincia

1359 351 1396 392 &
1420 350 1544 404 pretii
1570 341 1876 390 conversionem
1904 337 2162 400 hujusmodi3
2188 347 2235 386 ut
2249 343 2394 401 siipra,

1361 407 1538 451 faciendi
1563 407 1768 452 licentiam
1786 433 1800 458 ,
1827 406 2070 449 auctoritate
2103 404 2247 446 Nostra
2277 411 2397 461 Apo-

1363 468 1501 509 stolica
1525 465 1788 508 concedatis.
1824 469 1918 507 Non
1938 462 2188 504 obstantibus
2213 462 2286 504 fel.
2309 478 2402 506 rec.

1367 524 1484 570 Pauli
1501 527 1557 567 11.
1574 554 1589 576 ,
1612 527 1652 570 δι
1673 525 1842 568 aliorum
1859 525 2138 566 Romanorum
2155 521 2400 564 Pontificum

1365 582 1706 627 Praedeceflorum
1729 583 1966 629 Nostrorum
1990 581 2044 623 de
2065 581 2190 624 rebus
2208 580 2404 623 Ecclesia

1367 656 1447 685 non
1476 640 1701 684 alienandis
1723 671 1739 694 ‚
1770 642 1935 699 aliisque
1961 639 2332 685 Constitutionibus
2361 641 2406 682 δε

1365 699 1706 744 Ordinationibus
1731 700 1972 758 Apostolicis
1988 729 2002 752 ,
2028 697 2277 755 coeterisque
2300 711 2403 740 con-

1365 759 1500 803 trariis
1520 760 1819 816 quibuscunque
1834 789 1845 800 .
1873 759 2071 804 Volumus
2093 769 2231 802 autem
2247 786 2261 809 ‚
2286 755 2402 814 quod

1363 819 1544 872 pecuniae
1569 832 1619 861 ex
1646 819 1882 864 venditione
1902 817 2134 875 hujusmodi
2155 817 2403 874 provenien-

1362 889 1422 921 tes
1438 878 1558 919 unico
1572 885 1771 920 contextu
1784 877 1822 919 in
1836 892 1948 929 rem,
1963 886 2011 921 ut
2028 877 2160 933 supra,
2174 873 2402 932 expressam

1361 936 1528 978 omnino
1551 945 1844 979 convertantur
1857 964 1872 987 ‚
1892 936 1961 979 vel
1977 936 2120 980 saltem
2137 948 2261 993 penes
2281 937 2402 977 Mon-

1360 1005 1444 1039 tcm
1462 993 1630 1036 Pietatis
1645 1020 1660 1042 a
1690 994 1755 1036 vel
1772 992 1993 1036 Personam
2019 994 2099 1037 fide
2127 997 2165 1036 &
2186 993 2400 1042 facultati-⁴

1359 1055 1434 1097 bus
1455 1051 1646 1096 idoneam
1669 1052 1926 1107 deponantur
1941 1078 1956 1098 2
1987 1052 2084 1095 inde
2103 1067 2185 1095 non
2202 1064 2400 1095 amoven-

1360 1114 1419 1157 dae
1436 1142 1451 1164 ,
1479 1112 1551 1154 nisi
1581 1111 1632 1155 ad
1657 1109 1845 1156 effectum
1884 1110 1976 1153 illas
2007 1109 2320 1159 convertendi,
2351 1116 2398 1152 ut

1356 1172 1511 1231 petitur
1526 1200 1538 1213 .

1416 1233 1570 1273 Datum
1596 1232 1736 1274 Romae
1763 1230 1870 1286 apud
1894 1233 1935 1275 S.
1959 1230 2132 1276 Mariam
2159 1228 2397 1285 Maiorem...

1357 1289 1428 1333 sub
1444 1289 1606 1333 Annulo
1621 1289 1836 1332 piscatoris
1854 1288 1922 1333 die
1936 1303 2006 1332 xx.
2025 1288 2207 1345 Januarii
2225 1302 2395 1338 moeni,

1357 1345 1625 1396 Pontificatus
1651 1347 1793 1405 Nostri
1815 1351 1938 1392 Anno
1963 1349 2161 1404 septimo,

1839 1471 1900 1513 M.
1916 1469 1964 1511 A.
1983 1465 2192 1511 Maraldus
2204 1497 2219 1508 .

1416 1589 1476 1630 Ex·
1493 1587 1666 1629 Archivo
1694 1590 1836 1630 secret.
1860 1584 2046 1630 Brevium
2077 1586 2208 1643 Apost.
2239 1581 2397 1641 Regcfio,

1474 1647 1595 1706 mens
1621 1646 1670 1695 ἐς
1694 1647 1790 1690 anni
1808 1646 1994 1703 pra-dib?-
2007 1642 2092 1705 fol.
2107 1645 2180 1696 67.

1845 1785 2213 1800 m-——'
2218 1782 2394 1802 d-

1356 1788 1588 1801 ——-

1350 1883 1541 1935 Duabus
1570 1879 1791 1932 duntaxat
1810 1879 2093 1933 Monialibus
2117 1881 2178 1931 ob
2204 1895 2391 1933 aetatem

1423 1972 1510 2018 4⁴0.
1547 1969 1769 2002 annorum
1806 1953 1862 2002 ad
1906 1949 2140 2003 Officium
2178 1951 2394 2001 Abbatis-

1425 2024 1480 2075 sae
1502 2027 1546 2074 in
1566 2021 1783 2089 praedifto
1805 2022 2087 2074 Monasterio
2113 2038 2391 2072 concurrere

1423 2093 1711 2150 valentibus,
1755 2092 1803 2140 ὅ(
1827 2096 1951 2137 nulla
1981 2095 2178 2141 aliarum
2208 2094 2392 2142 Monia-

1420 2168 1534 2216 lium
1557 2157 1675 2212 >hisce
1707 2160 1881 2211 duabus
1918 2172 2085 2208 votum
2121 2158 2253 2213 suum
2280 2163 2392 2213 dare

1421 2238 1609 2286 volente
1641 2267 1657 2291 ,
1697 2233 1924 2283 Moniales
1947 2248 2027 2293 35.
2053 2247 2276 2280 annorum
2304 2235 2393 2285 in...

1426 2301 1683 2357 Abbatiffas
1715 2303 1821 2372 eligi
1843 2298 1962 2375 poffe
1978 2336 1996 2360 ,
2031 2300 2088 2350 ad
2105 2302 2389 2355 sexennium

1424 2372 1648 2439 dispensat
1664 2410 1678 2426 .

1416 2505 1632 2553 Venerabili
1658 2505 1806 2549 Fratri
1829 2505 2008 2563 Epifiopo
2027 2504 2323 2562 Cast’ellanctcn.

1349 2624 1996 2680 INNOCENTIUS
2049 2625 2263 2674 PAPA
2314 2623 2383 2678 Xe

1386 2753 1629 2810 Venerabilis
1656 2754 1804 2799 Frater
1824 2754 2000 2814 salutem
2030 2755 2078 2804 θ’
2097 2749 2353 2808 Apostolicam

1711 2811 2036 2857 Beneaffli-oncm.

1350 2945 1480 3058 N
1495 2947 1610 3001 Uper
1636 2959 1710 3002 pro
1737 2951 1855 2999 parte
1878 2943 2124 2986 Dilefflrum
2153 2942 2191 2982 in
2213 2936 2385 2981 Christo

1517 3004 1705 3048 filiarum
1732 3003 1975 3046 Monialium
2001 2999 2168 3043 Ordinis
2197 3001 2236 3040 S.
2253 2999 2380 3039 Fran-

1345 3062 1438 3106 cisci
1467 3064 1766 3118 Capucinarum
1787 3070 2112 3115 nuncupatarum
2142 3055 2375 3100 Monasterii

1346 3124 1389 3164 S.
1407 3122 1540 3163 Mariae
1559 3120 1612 3163 de
1630 3119 1810 3175 Refugio
1835 3118 1929 3161 dicii
1943 3116 2265 3162 Castellaneten·
2284 3118 2376 3158 No·-

1346 3181 1407 3223 bis
1421 3178 1641 3236 expositum
1663 3176 1738 3221 fuit
1752 3207 1768 3229 ,
1798 3177 1907 3234 quod
1925 3206 1939 3229 ,
1953 3192 2044 3220 cum
2060 3176 2114 3219 de
2132 3173 2272 3219 Mense
2288 3178 2379 3217 Au-

1346 3239 1443 3296 gusti
1459 3238 1642 3294 proxime
1658 3237 1850 3293 praeteriti
1879 3236 1933 3279 de
1947 3235 2135 3292 eligenda
2156 3247 2259 3279 nova
2276 3232 2375 3275 dicti

1349 3296 1580 3341 Monasterii
1598 3294 1803 3339 Abbatissa
1826 3306 2051 3352 ageretur,
2082 3293 2194 3337 nulla
2220 3307 2273 3336 ex
2298 3291 2378 3334 eis-

1348 3357 1442 3401 dem
1466 3357 1772 3411 Exponentibus
1803 3355 1844 3398 in
1873 3354 2113 3397 alterutram
2147 3366 2198 3396 ex
2227 3351 2381 3393 duabus

1349 3412 1529 3470 ejusdem
1571 3414 1802 3459 Monasterii
1840 3414 2091 3456 Monialibus
2115 3440 2131 3463 ‚
2162 3425 2250 3466 quae
2286 3407 2379 3450 solae

1350 3473 1458 3516 inter
1474 3473 1672 3516 Moniales
1703 3473 2046 3517 dictiMonaslerii
2077 3467 2378 3527 quadraginta.»

1355 3533 1470 3574 annis
1499 3532 1539 3574 in
1566 3532 1756 3588 eligenda
1793 3533 1835 3574 iii
1864 3528 2115 3574 Abbatissam
2151 3525 2377 3583 Requisitis

1354 3605 1435 3636 non
1465 3592 1640 3634 minores
1665 3592 1864 3641 existunt,
1899 3599 2040 3634 votum
2061 3590 2169 3631 suum
2194 3586 2376 3642 dirigere

1354 3650 1486 3693 voluit
1510 3659 1682 3708 propter
1698 3648 1908 3704 utriusque
1935 3650 2098 3693 illarum
2116 3647 2378 3703 inexperien-

1351 3710 1449 3752 tiam
1468 3739 1484 3761 ,
1514 3724 1559 3753 ac
1584 3711 1769 3764 exiguam
1797 3708 1848 3750 ad
1874 3708 2080 3765 spirituale
2101 3735 2117 3759 ‚
2147 3709 2188 3750 δε
2215 3717 2380 3764 tempo·

1348 3768 1435 3811 rale
1462 3768 1613 3826 praesati
1628 3768 1865 3813 Monaslerii
1880 3768 2063 3824 regimen
2078 3767 2376 3823 aptitudinem;

1348 3829 1492 3886 quibus
1506 3829 1674 3874 attentis
1687 3827 1839 3874 eaedem
1857 3830 1916 3872 Ex
1919 3837 2119 3887 ponentes
2134 3827 2221 3871 aliis
2234 3839 2379 3928 eiltem·

2237 3900 2262 3942 p
2284 3899 2312 3926 lS
