2618 4108
960 207 1697 296 Panormitana.
2148 240 2299 320 173

239 323 300 362 etis
319 320 363 366 ὁ·
378 324 484 364 Pauli
495 323 653 374 Cusanus
666 320 860 372 nuncupati
874 323 886 366 ζ
911 323 1144 371 Miseratione
1167 322 1293 359 divina
1311 323 1442 359 Santiae
1462 322 1624 361 Romanae
1638 323 1780 374 Ecclesia
1801 322 2000 372 Presbyteri
2014 322 2221 362 Cardinales
2237 328 2344 362 ,Con-

237 375 452 422 gregationis
478 373 641 412 Fratrum
673 373 926 422 Capucinornm
940 396 949 410 ‚
974 372 1019 412 ὠ·
1040 368 1205 406 Fratrum
1226 372 1518 409 Conventualium
1546 372 1694 410 Ordinis
1719 373 1900 411 Minorum
1922 371 2103 419 respeiiive
2131 371 2338 410 Proteffiores

239 426 264 463 ὸ
277 424 402 463 δαηῖέα
418 423 504 462 Sede
515 421 704 473 Apostolica
719 419 914 470 specialiter
929 418 1112 467 deputati,
1137 419 1262 466 quibus
1284 420 1444 469 mensibus
1465 422 1653 468 praeteritis
1678 421 1700 457 ὰ
1715 422 1917 470 δαηδέἱβὶνηο
1939 422 2085 459 Domino
2110 418 2236 470 Nostro
2259 421 2342 457 ‘Do-

238 476 330 512 mino
343 472 515 511 Clemente
538 473 662 509 divina
683 469 904 518 providentia
924 467 1019 515 Papa
1037 463 1136 503 VIII.
1159 470 1275 503 commi
1301 482 1320 503 a
1332 469 1411 518 fuit
1430 470 1546 519 revisio
1571 470 1614 511 ὡ·
1634 470 1775 518 censura
1789 470 1874 508 libri
1886 471 2046 519 inscripti
2061 469 2239 515 expolitio
2253 470 2338 506 Fra-

239 527 301 560 tris
327 522 524 570 Hieronymi
560 522 581 558 a
609 520 739 557 Politio
756 517 886 558 Siculi,
912 515 1097 552 Generalis
1115 516 1259 554 Ordinis
1304 529 1432 554 ratrum
1454 518 1630 554 Minos-um
1659 520 1947 566 Capucinorum,
1973 520 2009 555 in
2036 519 2208 563 Regulam
2234 519 2339 555 Sera-

237 571 332 621 phlci
348 571 545 607 patriarchae
569 571 607 607 S.
619 566 780 604 Francisci
802 564 952 610 ejusdem
966 565 1115 600 Ordinis
1139 564 1350 610 fundatoris,
1377 567 1440 603 ἃς.
1468 567 1590 602 Romae
1611 567 1718 612 Apud
1746 568 1976 604 Gurllelmum
1997 567 2209 604 Pacciottum
2234 578 2337 614 1593.

237 618 368 658 cunetis
383 617 664 669 Christifidelibus
678 639 692 660 ,
704 614 750 652 ad
762 625 842 662 quos
861 613 1107 661 quomodolibet
1120 615 1273 660 pertinet
1290 638 1302 657 ,
1319 615 1383 664 seu
1403 614 1580 663 pertinere
1587 615 1718 661 poterit
1733 637 1748 658 ‚
1761 615 1867 661 fidem
1882 617 2032 664 facimus
2053 615 2098 657 ὼ·
2111 614 2308 666 attestamur
2320 641 2335 661 ,

234 667 388 718 qualiter
402 667 474 717 viso
487 669 530 710 ό·
541 664 649 750 ''⁶va
663 688 675 707 ‚
699 675 740 699 ac
752 664 835 699 bene
847 663 890 704 ὠ·
908 660 1041 699 matur&
1054 661 1255 710 confiderato
1278 662 1365 699 diuo
1381 662 1469 698 libro
1482 669 1496 704 3
1521 670 1592 697 tam
1608 670 1671 708 per
1683 660 1837 711 Nosipsos
1847 681 1859 704 ,>
1885 665 1987 711 quam
2003 674 2066 713 per
2085 663 2169 700 alios
2195 662 2336 699 Theolo-

232 730 294 768 gos
307 718 350 759 cb·
364 714 467 755 Viros
477 714 583 752 doetus
624 712 682 749 iezi
696 711 845 748 Ordinis
858 709 1068 751 minorum
1083 736 1094 753 ,
1118 721 1158 745 ac
1172 711 1276 746 etiam
1292 710 1386 757 suffici
1392 708 1494 758 simul
1507 707 1685 746 collatione
1697 709 1739 745 de
1750 711 1898 759 ejusdem
1922 713 2008 750 libri
2020 714 2199 750 erroribus
2215 739 2225 754 ,
2250 713 2332 748 inu-

234 767 368 807 tilitate
397 765 441 808 ὼ·
458 761 643 813 periculosa
663 758 818 796 dofirina
843 761 887 796 ad
908 759 1150 797 relaxationem
1170 757 1336 805 praeditlae
1356 756 1495 805 Regulae
1516 767 1558 794 ex
1579 768 1615 793 co
1629 758 1758 793 notatis
1778 759 1821 799 ὼ·
1844 761 2086 811 animadversts
2098 788 2108 803 ‚
2134 761 2336 798 hodierna-e

232 817 293 854 die
315 826 370 861 27.
393 813 504 863 mensis
515 808 748 853 Novembris,
765 809 1051 858 feria-fecunda,
1077 809 1183 845 Anno
1199 806 1353 842 ‘Domini
1371 817 1471 854 ¹595·
1495 806 1535 841 in
1559 804 1699 842 Palatio
1722 806 1906 855 Apostolico
1933 809 2026 857 apud
2046 811 2088 846 S.
2103 809 2269 853 Petrum,
2296 810 2337 844 in

233 863 416 903 audientia
429 861 533 898 Sacri
550 859 623 898 Con
634 857 738 908 istorii
750 882 764 903 ,
787 856 849 894 illa
871 859 982 894 omnia
994 882 1007 901 ,
1032 857 1075 900 ἀγ
1087 867 1159 904 quae
1179 856 1374 904 generatim
1395 855 1432 889 in
1446 853 1558 890 eodem
1577 851 1667 890 libro
1683 854 1946 902 pertrafiantur
1961 880 1975 900 ‚
2001 856 2185 894 retulimus
2201 856 2340 895 Sanfli·

230 913 303 953 tati
323 911 428 951 Sum
453 910 497 951 (β’
518 909 593 946 San
624 909 690 944 itas
713 907 816 952 Sua,
840 907 884 942 iis
903 906 1034 943 auditis
1059 905 1102 947 ὼ·
1120 901 1295 941 ἰηιείίεδῖἱς
1325 929 1335 944 ,
1360 901 1563 939 ακὲῗσνίεαιε
1575 901 1644 950 sua
1668 901 1858 952 apostolica
1881 903 2053 941 'udicavit
2069 906 2265 952 praediffum
2289 905 2337 941 li—

230 962 332 999 brum
351 958 559 1008 expositionis
573 959 612 993 in
626 955 793 1004 Regulam
814 957 854 993 S.
868 953 1043 1005 Francisci
1055 977 1068 997 ‚
1086 953 1221 1002 fore&
1243 949 1303 1001 effi:
1322 950 1572 1000 prohibendum
1595 950 1639 991 &⁴
1652 949 1853 999 supprimen
1879 963 1936 988 um
1949 975 1963 995 ,
1984 960 2089 1000 prout
2100 952 2202 990 illum
2221 954 2336 1002 prohi.

230 1010 308 1047 leri
325 1008 367 1050 (θ’
382 1007 551 1057 supprimi
575 1006 731 1043 decrevit
757 1005 802 1047 ὠ·
822 1004 1004 1041 mandavit
1017 1028 1029 1046 ,
1053 1004 1106 1039 ita
1126 1011 1167 1039 ut
1191 1001 1232 1037 de
1252 1009 1370 1038 coetero
1394 1011 1462 1035 non
1476 999 1723 1047 imprimatur,
1748 1010 1856 1047 neque
1877 999 2062 1047 evulgetur
2077 1026 2091 1045 ,
2115 1001 2250 1050 ejusaue
2275 1005 2337 1039 ex.

229 1056 338 1107 empta
351 1056 531 1105 omniaseu
552 1054 728 1092 volumina
748 1052 906 1090 haiienus
934 1049 1086 1102 impreffa
1107 1050 1166 1088 vel
1179 1048 1353 1095 ‚evulgata
1372 1047 1607 1084 dilacerentur
1627 1046 1693 1094 seu
1713 1046 1934 1096 destruantur
1946 1073 1959 1091 ,
1986 1049 2029 1090 ὠ·
2052 1061 2125 1096 quae
2143 1050 2216 1098 jam
2240 1051 2338 1087 evul-

226 1116 314 1156 gata
326 1129 339 1148 ,
361 1102 420 1142 vel
431 1100 582 1156 impreffa
598 1128 610 1148 ,
635 1101 816 1140 Fratribus
839 1103 883 1143 &
901 1099 1074 1149 Religiosis
1091 1123 1104 1142 ‚
1130 1098 1189 1135 vel
1208 1096 1287 1134 aliis
1299 1095 1467 1144 fidelibus
1492 1095 1576 1132 data
1593 1119 1606 1138 ,
1632 1095 1760 1132 donata
1779 1120 1793 1139 ‚
1817 1096 1964 1145 dispersa
1993 1096 2051 1133 vel
2069 1109 2208 1144 erogata
2221 1099 2310 1147 sunt
2321 1126 2336 1146 ‚

229 1164 295 1192 aut
317 1155 356 1189 in
369 1164 484 1190 eorum
505 1153 666 1188 manibur
684 1152 906 1199 reperiuntur
923 1174 932 1190 ,
953 1157 1016 1197 per
1041 1147 1251 1184 Ordinarios
1277 1147 1321 1189 ὠ*
1343 1144 1556 1195 Inquisitores
1586 1142 1733 1180 locorum
1750 1147 2010 1192 perquirantur
2033 1146 2076 1187 ὅς’
2101 1146 2308 1193 colligantur
2323 1174 2333 1189 ,

229 1204 275 1244 ό·
292 1200 423 1238 εοΙΙεξῖα
442 1200 602 1249 similiter
626 1198 860 1235 dilacerentur
877 1196 942 1244 jeu
968 1195 1187 1246 destruantur
1203 1208 1217 1236 ;
1241 1195 1284 1237 ὠ·
1306 1194 1366 1230 hoc
1383 1193 1488 1242 suum
1504 1193 1649 1242 praesens
1671 1192 1857 1231 Decretum
1887 1195 2006 1243 reponi
2031 1195 2075 1237 ὠ·
2100 1192 2268 1246 affervari
2294 1197 2336 1232 in

228 1250 347 1302 Officio
361 1248 495 1289 Sanfiiae
516 1247 676 1286 Romanae
694 1247 738 1288 &⁶
760 1243 968 1294 univerfizlis
982 1244 1212 1295 lnquifitionis
1225 1267 1238 1289 ‚
1263 1243 1321 1295 isto
1338 1243 1381 1285 ὼ·
1403 1243 1494 1279 omni
1509 1241 1575 1278 alio
1592 1240 1724 1280 meliori
1743 1243 1836 1281 modo
1849 1267 1863 1288 ,

364 1324 475 1394 ⁶Jul.
492 1324 603 1375 Ant.
618 1323 744 1373 Card.
769 1322 813 1371 S.
827 1320 1040 1372 Severinae
1056 1320 1190 1370 Ῥνοῑ.
1211 1318 1551 1387 Congregationis
1578 1318 1777 1370 Fratrum
1806 1322 2103 1389 Capacinorum
2120 1360 2134 1373 .

920 1406 1034 1474 Aug.
1061 1403 1190 1455 Card.
1211 1403 1390 1471 Cusanus
1408 1402 1550 1454 Min.
1573 1402 1784 1456 Convent.
1818 1406 2061 1459 Protec‘lor.

320 1519 382 1556 Ne
404 1516 490 1555 verb
503 1515 549 1552 ob
564 1514 748 1563 sphalmata
760 1537 773 1557 ,
798 1524 874 1561 quae
884 1508 1047 1557 irrepsere
1061 1535 1073 1551 ,
1097 1507 1213 1544 solidae
1233 1507 1276 1544 de
1289 1517 1414 1544 caetero
1429 1507 1592 1546 doarinae
1618 1509 1803 1547 commodo
1819 1510 1961 1556 Religio
1974 1512 2087 1550 nostra
2111 1513 2305 1561 privaretur
2316 1539 2330 1561 ,

218 1568 286 1608 fuit
299 1578 390 1617 opus
405 1566 575 1608 revisum,
601 1562 815 1606 emmaum,
837 1566 871 1597 &
885 1560 1138 1609 approbatum,
1164 1567 1201 1594 ut
1218 1557 1396 1606 sequitur:

317 1665 360 1703 In
373 1663 537 1703 Generali
553 1661 685 1710 Congre
710 1661 823 1698 atione
843 1657 970 1695 Indicis
994 1656 1087 1706 apud
1111 1652 1279 1703 Illustriss.
1303 1652 1346 1695 (δ’
1364 1652 1607 1704 Reverendiss.
1621 1657 1669 1694 D.
1684 1656 1732 1693 D.
1748 1655 1969 1696 Cardinalem
1981 1658 2196 1710 Asculaaum
2210 1659 2332 1697 habt-m
2352 1674 2354 1676 .

221 1715 279 1763 die
292 1715 446 1764 vigefima
455 1714 556 1764 sema
570 1674 720 1762 Augufii
737 1710 838 1746 1601.
855 1719 968 1745 coram
984 1704 1150 1757 Illustriss.
1165 1704 1208 1746 (θ’
1219 1702 1460 1754 Reverendiss.
1486 1704 1534 1742 D,
1550 1706 1612 1744 ⁴1),
1627 1704 1902 1752 cardinalibus,

358 1813 566 1882 Asculano
580 1849 595 1871 ,
635 1809 888 1860 Bellarmino
905 1844 921 1867 ,
959 1806 1190 1864 Columna,
1226 1802 1452 1868 Seraphino
1466 1840 1483 1864 ,
1519 1805 1736 1857 Camerino
1753 1841 1770 1866 ,
1807 1806 2048 1877 Pamphilio
2068 1846 2085 1870 ,
2123 1810 2326 1868 Baronio,

497 1886 553 1933 &⁴
577 1881 895 1947 Monopolitano
914 1914 926 1927 .

309 1987 462 2027 Auditis
481 1985 722 2034 Consultorum
731 1984 822 2022 votis
836 1982 1022 2027 ,videlicet
1044 1981 1285 2032 Reverendiss.
1313 1984 1362 2021 D.
1384 1983 1642 2029 Archiepilcopi
1667 1985 1847 2034 Tranenfis
1861 2009 1875 2029 ‚
1899 1986 1943 2027 ὠ·
1966 1985 2013 2022 R.
2028 1986 2082 2023 5⁰.
2106 1985 2149 2023 F.
2172 1985 2329 2037 Joannis

210 2036 257 2073 ab
274 2037 437 2074 Arimino
453 2035 599 2072 Lefioris
618 2035 874 2083 Capucinorum
892 2059 902 2072 .
928 2033 971 2075 ὠ·
995 2044 1034 2068 re
1045 2033 1138 2069 inter
1155 2032 1361 2070 Cardinales
1383 2032 1520 2069 mature
1542 2033 1692 2081 dist-ussa*
1710 2059 1722 2076 ‚
1752 2034 1951 2072 Decretum
1970 2035 2071 2083 fuit,
2096 2038 2186 2083 quod
2206 2035 2331 2084 exposi-

210 2086 260 2121 tio
275 2084 321 2123 R.
335 2086 377 2124 P.
390 2082 426 2120 F.
441 2084 647 2133 Hieronymi
673 2084 713 2120 de
727 2082 855 2120 Politio
869 2082 1021 2119 Ordinis
1040 2081 1156 2129 Capuc
1166 2082 1305 2118 inarum
1326 2084 1365 2118 in
1389 2081 1556 2130 Regulam
1568 2084 1608 2119 S.
1625 2082 1675 2118 ⁴·P.
1692 2081 1866 2130 Francisci
1888 2092 2079 2131 expurgata
2099 2086 2330 2130 permittatur

209 2133 485 2183 &imprimatur
497 2159 510 2178 ,
534 2134 632 2183 cujus
653 2132 801 2180 censurat
826 2143 912 2168 cura
924 2129 1131 2167 demandata
1154 2130 1230 2179 fuit
1251 2131 1421 2181 illustriss.
1435 2132 1478 2172 ὼ·
1498 2129 1742 2180 Κεωενεηᾰίῥ.
1759 2131 1805 2168 D.
1821 2132 1932 2169 Card.
1945 2131 2232 2181 -leonopolitano
2247 2159 2257 2170 .

312 2183 401 2231 Pag.
424 2195 472 2219 ιι.
498 2183 558 2219 ubi
581 2182 715 2218 dicitur
730 2182 768 2216 in
783 2181 937 2216 omnibus
955 2208 961 2219 ‚
987 2190 1059 2227 quae
1082 2191 1148 2215 non
1159 2179 1246 2227 sunt
1268 2189 1389 2216 contra
1402 2181 1552 2216 animam
1567 2206 1577 2222 ,
1602 2192 1662 2217 nec
1675 2189 1798 2220 contra
1811 2181 2047 2231 Profeffionem
2070 2182 2329 2232 Evangelicam5

207 2230 281 2281 five
291 2230 459 2278 Regulam
472 2229 640 2280 nostram,
665 2229 833 2266 tollantur
857 2226 917 2263 illa
937 2228 1070 2264 verba:
1085 2228 1157 2276 five
1170 2226 1322 2275 regulam
1345 2227 1488 2277 nostram
1502 2251 1513 2262 .

310 2279 398 2327 Pag.
417 2291 496 2326 254.
518 2280 578 2315 ubi
605 2279 725 2326 agitur
760 2276 802 2313 de
829 2275 946 2323 Officio
971 2274 1093 2311 ‘Beata
1114 2274 1272 2316 &Mariae
1283 2277 1414 2325 semper
1441 2273 1628 2324 Virginis,
1655 2290 1737 2315 num
1757 2278 1826 2327 sub
1844 2285 2005 2328 praecepto
2022 2281 2062 2316 in
2086 2279 2184 2316 choro
2201 2282 2246 2330 fit
2273 2283 2329 2319 dis

214 2328 386 2365 cendum?
413 2327 577 2363 ‘Dicatur
592 2352 605 2370 ‚
627 2325 715 2374 quod
735 2323 920 2361 Fratribus
951 2324 1173 2366 Minoribus,
1199 2328 1260 2371 qui
1284 2335 1325 2361 ex
1350 2324 1469 2373 regula
1494 2334 1662 2364 tenentur
1678 2327 1717 2376 se
1747 2327 1960 2376 conformare
1978 2330 2069 2366 ritui
2090 2327 2251 2368 Romana
2267 2332 2330 2368 Ec.

167 2383 171 2387 '
212 2375 310 2426 clefiae
329 2405 335 2417 .
363 2374 499 2412 minime
506 2375 574 2423 sub
587 2383 751 2423 pra-’cepto
762 2371 805 2423 est
822 2398 833 2416 ,
855 2371 922 2421 post
941 2371 1078 2407 Bullam
1102 2371 1170 2407 Pii
1190 2371 1229 2410 V
1243 2373 1340 2421 felic.
1358 2386 1453 2410 mem.

309 2425 406 2473 {Bag
430 2434 509 2472 259.
526 2425 586 2461 uhi
608 2424 740 2460 dicitur
757 2446 768 2463 ,
786 2422 819 2471 fi
832 2430 1013 2458 contentus
1028 2417 1104 2470 esset
1127 2420 1193 2457 alio
1214 2421 1359 2459 duorum
1374 2421 1611 2470 praedii-‘iorum
1630 2447 1643 2466 ,
1668 2423 1712 2464 ὠ·
1727 2432 1930 2472 proponeret
1955 2436 2023 2460 non
2041 2434 2231 2472 procurare
2256 2437 2328 2464 ter-

210 2473 322 2516 tium,
348 2485 415 2509 non
433 2475 555 2521 utique
567 2472 789 2521 satisfaceret
810 2498 817 2506 .
843 2471 995 2508 Dicatur
1013 2492 1026 2512 ,
1051 2481 1130 2505 nam
1144 2469 1176 2518 fi
1185 2469 1311 2519 fisteret
1332 2472 1370 2505 in
1391 2472 1504 2518 prima
1528 2469 1586 2506 vel
1600 2473 1639 2506 in
1653 2471 1807 2519 secunda
1819 2473 2062 2520 praediFiarum
2077 2476 2326 2522 attentionum,

210 2522 256 2564 (9¹
270 2521 514 2607 prffinderet
539 2524 679 2558 tertiam
699 2547 703 2552 .
731 2518 826 2555 illam
852 2519 1036 2567 respuens,
1052 2519 1116 2567 seu
1138 2529 1351 2556 contemnens
1365 2543 1378 2562 ‚
1404 2530 1470 2554 non
1482 2519 1703 2568 satisfaceret
1719 2546 1730 2557 .

316 2572 323 2575 '
351 2580 504 2619 ag.432.
523 2571 593 2607 vbi
615 2569 747 2607 dicitur
763 2592 776 2611 ‚
802 2580 874 2616 quae
903 2566 1039 2616 quidem
1067 2565 1270 2617 Constitutio
1294 2565 1439 2606 Nic-olai
1456 2567 1519 2604 III.
1543 2567 1681 2616 majoris
1700 2570 1845 2608 videtur
1872 2568 1932 2621 effe
1955 2569 2170 2608 aufioritatis
2184 2595 2197 2615 ,
2223 2571 2326 2620 quam

209 2618 456 2667 Extravagans
476 2617 631 2669 ‘Joannis
659 2616 781 2654 XXII.
807 2617 988 2668 Quium
1004 2614 1065 2651 illa
1091 2615 1283 2652 Decretalis
1309 2619 1330 2652 a
1358 2615 1513 2654 Concilio
1535 2617 1700 2655 Generali
1716 2616 1903 2670 Viennenst
1915 2620 1993 2667 fuit
2018 2622 2205 2668 approbata
2220 2646 2231 2664 ,
2257 2621 2325 2658 haec

207 2678 323 2704 autem
338 2666 493 2717 ‘Joannis
511 2667 754 2713 Extravagans
775 2667 795 2702 ἂ
817 2666 910 2702 nullo
930 2665 1005 2713 fuit
1029 2665 1215 2711 approbata
1231 2663 1386 2702 Concilio
1397 2677 1412 2706 3
1439 2665 1504 2703 imo
1522 2675 1584 2713 per
1608 2666 1731 2703 multos
1758 2668 1841 2705 dieze·
1857 2670 2013 2720 ‘Joannis
2027 2668 2153 2708 ΧΧΙΙ.
2181 2670 2325 2719 Succes-

202 2715 298 2765 fhres
317 2717 394 2765 fuit
417 2715 623 2754 annullata.
654 2714 836 2751 Tollantur
857 2712 947 2750 dieta
978 2713 1084 2750 verba
1111 2737 1123 2755 ,
1150 2713 1194 2754 ὠ·
1218 2713 1381 2754 dicatur,
1405 2726 1478 2762 quae
1503 2714 1639 2762 quidem
1663 2713 1813 2754 Illicolai
1838 2717 2044 2758 ‘Decretalis
2069 2727 2140 2764 prae
2168 2716 2335 2770 Joanm‘s

207 2764 497 2812 Extravagante‚
522 2766 640 2800 verior
665 2763 708 2805 ὠ·
721 2775 774 2800 ma
799 2764 828 2798 is
848 2763 887 2798 in
911 2762 969 2798 hoc
987 2763 1119 2799 rationi
1143 2762 1254 2798 inniti
1277 2761 1419 2799 videtur
1432 2789 1442 2804 ,
1466 2774 1507 2800 ex
1528 2774 1564 2799 eo
1579 2788 1591 2806 ,
1616 2764 1707 2811 quod
1730 2765 1977 2816 Extravagans
1988 2767 2149 2816 praedifiia
2168 2772 2190 2804 ᾶ
2200 2766 2324 2817 plerifi

209 2825 275 2860 que
291 2814 441 2850 Summis
458 2811 695 2860 ‘Pontificibus
717 2812 799 2847 dici
820 2809 931 2860 ‘Joam
952 2809 1070 2846 XXII.
1107 2808 1377 2860 Succefforibus‚
1406 2820 1519 2859 nempe
1544 2812 1705 2848 Martino
1731 2812 1792 2850 IV.
1807 2841 1821 2860 ,
1847 2818 1890 2858 (ἓν
1920 2815 2121 2854 Alexandro
2135 2814 2198 2853 Vl.
2211 2840 2224 2859 ,
2253 2817 2323 2856 Eu.

205 2863 309 2908 genio
326 2859 386 2898 IV.
403 2885 414 2904 ,
442 2861 564 2911 Calislo
584 2861 635 2897 III
663 2885 675 2904 ,
699 2860 742 2901 (9·
765 2860 865 2896 Sixto
888 2856 949 2895 IV.
968 2857 1045 2904 fuit
1068 2858 1232 2904 abrogata
1247 2883 1259 2901 ‚
1290 2859 1334 2900 ὼ·
1356 2856 1501 2898 Nicolai
1529 2860 1680 2904 praediffi
1702 2865 1889 2909 approbata
1914 2866 1961 2901 ‘D
1982 2864 2148 2908 cretalis,
2171 2864 2252 2901 dum
2274 2865 2321 2901 ad

198 2910 325 2960 seipfhs
349 2910 391 2950 (ἒν
406 2909 451 2944 ad
473 2911 592 2948 Sedem
608 2906 1031 2958 ApostolicamDominium
1042 2918 1156 2943 rerum
1167 2908 1313 2943 omnium
1327 2930 1340 2951 ,
1364 2909 1490 2954 quibus
1514 2906 1743 2946 FF.Minores
1771 2914 1827 2948 uti
1847 2910 1986 2962 poffnnt
2013 2936 2027 2956 ,
2051 2911 2317 2964 affumpserunc.

304 2959 403 3006 “Pag.
424 2970 503 3002 ¹71·
523 2958 729 2995 ubidicitur
742 2981 754 3000 ,
780 2956 940 3004 quoniam
965 2953 1121 2990 venialia
1143 2955 1318 3003 reservare
1343 2966 1410 2990 non
1426 2956 1559 3003 expedit
1574 2969 1587 2996 3
1612 2957 1764 2995 addatur
1778 2984 1792 3002 ,
1819 2973 1880 2998 nec
1889 2959 2026 3012 poffunt
2040 2986 2050 2997 .

303 3007 381 3054 Pag
404 3007 485 3056 624.
510 3009 579 3044 vbi
597 3008 716 3054 agitur
741 3004 782 3040 de
796 3005 918 3053 costbus
942 3002 1126 3050 reservatis
1144 3027 1154 3038 .
1183 3003 1290 3051 Casus
1306 3003 1475 3052 reservati
1487 3015 1554 3040 non
1565 3013 1713 3051 ponatur
1725 3008 1764 3043 in
1767 3007 1879 3055 specie
1892 3033 1905 3053 ‚
1921 3010 1988 3057 sed
2009 3010 2150 3046 dicatur
2177 3010 2317 3055 serven.

214 3064 274 3092 tur
285 3056 379 3104 casus
392 3056 563 3104 refhrvati
573 3056 660 3093 editi
681 3057 702 3091 ά
718 3053 889 3092 Clemente
912 3049 1014 3089 VIII.
1024 3052 1084 3100 fel.
1097 3064 1189 3088 mem.
1214 3053 1428 3100 &servetur
1448 3053 1521 3102 ejus
1536 3053 1732 3091 ‘Decretum
1758 3058 1870 3103 quoad
1881 3058 2125 3105 absolutionem
2138 3055 2314 3096 Fratrum.

311 3104 398 3151 Pag.
416 3108 497 3151 656.
522 3105 582 3143 ubi
607 3105 726 3152 agitur
741 3103 783 3139 de
806 3100 1021 3138 elefiiionibus
1040 3100 1216 3148 faciendis
1230 3124 1242 3143 ,
1264 3099 1331 3149 post
1355 3100 1544 3150 discursum
1559 3102 1721 3151 Cajetani
1736 3103 1982 3153 &sequacium
1998 3130 2007 3143 ‚
2031 3104 2184 3144 addatur
2197 3131 2211 3151 ‚
2227 3108 2316 3156 quod

209 3151 291 3188 talis
318 3152 547 3190 intentionum
563 3151 726 3201 distinffio
758 3152 797 3186 in
815 3151 920 3199 praxi
948 3150 1011 3186 vix
1036 3149 1221 3196 aliquando
1251 3151 1321 3186 erit
1342 3181 1347 3184 .
1375 3150 1450 3186 Ideo
1469 3159 1593 3186 curent
1613 3150 1779 3188 Elefiiores
1803 3155 1995 3192 dioniorem
2008 3153 2141 3202 semper
2164 3154 2314 3203 eligere,

212 3211 293 3236 nam
316 3199 433 3235 adhoc
446 3201 513 3249 sub
526 3201 624 3247 culpa
644 3198 781 3237 mortali
802 3208 967 3236 tenentur
983 3223 995 3242 ,
1017 3208 1057 3235 ut
1079 3199 1118 3233 in
1143 3197 1297 3234 Concilio
1319 3195 1476 3237 Trident.
1492 3198 1639 3235 habetur
1656 3199 1737 3249 sess·
1755 3211 1812 3249 24.
1826 3191 1868 3240 (ἴε
1882 3200 2035 3250 Reform.
2047 3214 2076 3238 c.
2095 3194 2315 3246 1.&docent,

211 3248 318 3286 Alex.
333 3246 441 3284 Alens
466 3249 526 3286 7).
553 3249 696 3285 Thomas
708 3273 722 3293 ,
746 3249 790 3290 (θ’
812 3247 1034 3283 communiter
1049 3245 1208 3283 Douores
1223 3273 1232 3282 .

307 3295 391 3344 Pag.
405 3296 488 3344 684.
503 3299 565 3334 ubi
586 3298 705 3344 agitur
718 3320 732 3340 ‚
756 3308 802 3332 an
821 3295 928 3343 “Papa
949 3295 1039 3345 poffit
1066 3295 1188 3342 absque
1207 3293 1411 3330 rationabili
1436 3294 1537 3342 causa
1551 3321 1560 3335 ‚
1575 3295 1640 3343 sed
1658 3297 1794 3335 tantiam
1813 3309 1854 3335 ex
1863 3298 1933 3347 solo
1949 3298 2076 3348 placito
2096 3304 2284 3350 praecipere
2295 3327 2311 3347 ,

211 3354 253 3380 ne
265 3343 360 3392 fiant
381 3344 499 3392 aliqua
526 3347 611 3382 bona
624 3373 632 3383 .
660 3356 732 3392 quae
757 3346 797 3380 in
818 3343 936 3390 regula
957 3352 1134 3391 ponuntur
1146 3343 1213 3389 sub
1230 3351 1393 3391 praecepto
1413 3367 1426 3387 ‚
1450 3342 1508 3379 vel
1517 3343 1585 3392 suh
1611 3344 1738 3396 confilio
1757 3359 1767 3382 ι
1794 3347 1976 3386 ‘Demacur
2005 3348 2087 3387 talis
2104 3350 2277 3400 discursus
2300 3375 2316 3397 ‚

211 3395 297 3442 quia
324 3404 392 3428 non
415 3393 459 3443 est
479 3392 679 3446 neceffarius
691 3417 706 3437 ,
732 3403 791 3429 nec
814 3394 836 3429 ci
849 3390 1031 3430 Fratribus
1043 3391 1251 3443 fimplicibus
1265 3390 1479 3440 intelligitur
1495 3417 1504 3428 .

347 3496 474 3545 Cum
510 3494 577 3543 his
601 3490 968 3542 annotationibus
994 3492 1284 3560 imprimatur
1310 3505 1529 3555 tanquam
1563 3493 1684 3542 utilis
1703 3527 1721 3555 ,
1756 3492 1807 3547 ὃς
1835 3497 2039 3550 corrodia
2073 3501 2310 3568 permitta-

489 3578 567 3615 tur
597 3563 676 3614 illa
693 3598 709 3621 ,
749 3581 849 3631 quae
875 3561 1082 3632 impressa
1108 3566 1208 3628 jam
1234 3563 1455 3631 reperitur
1471 3598 1484 3611 .
2007 3565 2009 3567 ’

624 3685 703 3735 Fr.
737 3683 955 3755 Ansblmus
986 3682 1226 3734 Cardinalis
1260 3679 1605 3747 Monopolitanus
1625 3717 1638 3733 .

202 3792 387 3848 Exemplar¹
408 3801 647 3843 authenticum
668 3804 708 3843 in
726 3804 888 3852 Archivo
913 3802 1079 3855 Generali
1098 3800 1188 3842 Ord.
1211 3799 1395 3845 firmarit
1416 3799 1596 3849 Provincia
1621 3804 1882 3847 Panormitam.

2164 3858 2251 3894 pro-
