2618 4108
358 177 548 296 256

527 292 843 347 Commendat
869 291 1086 346 Eundem
1100 330 1117 348 .

293 424 334 468 A
353 433 499 482 tergo:
518 420 673 464 DileHo
687 420 819 476 Filia,
837 424 979 468 Nobili
1001 427 1089 470 Viro
1106 455 1122 481 ,
1142 428 1343 487 LeopoIdO,

567 481 789 527 Archiduci
805 483 979 543 Austris
993 486 1081 538 &c-

309 601 925 661 GREGORIUS·
971 607 1196 660 PAPA
1234 611 1352 659 XV.

411 720 571 767 Ditem
583 719 859 773 &amabitis
884 722 978 775 Vir,
1004 728 1181 770 Salutem
1207 727 1256 778 (5

518 780 778 839 Apostolicam
807 782 1114 831 Benedimonem
1129 815 1142 828 .

441 902 549 946 EUS
583 899 666 955 ipse
694 900 799 958 peni:
823 902 935 945 clara
980 918 1085 951 voce
1112 905 1349 947 Germania

457 960 669 1017 Principes
693 962 856 1005 aCoelo
883 963 1067 1009 excitare
1098 964 1265 1007 videtur
1295 964 1346 1007 ad

299 1023 481 1065 Romani
509 1021 676 1075 Imperii
703 1019 1028 1079 incolumitatem
1046 1023 1244 1068 tuendam
1264 1051 1278 1074 ‚
1306 1025 1347 1068 &

298 1082 530 1124 Catholicae
546 1077 780 1136 Religionis
806 1080 1052 1137 dignitatem
1066 1081 1318 1128 asserendam
1330 1096 1344 1125 ε

295 1155 432 1197 neque
459 1141 567 1185 enim
583 1137 671 1181 sunt
687 1139 858 1194 loquelae
872 1167 886 1189 a
913 1150 981 1183 aut
997 1141 1205 1185 sermones
1220 1173 1236 1195 ‚
1252 1143 1340 1199 qui-

298 1200 371 1244 bus
389 1201 621 1255 interprete
636 1212 735 1253 opus
751 1199 797 1241 fit
812 1229 825 1252 ,
858 1199 925 1241 sed
952 1215 1017 1244 res
1037 1201 1195 1257 ipsam&
1211 1202 1339 1245 vieto-

296 1259 364 1302 riae
381 1288 395 1310 ,
428 1260 574 1316 quibus
601 1257 773 1314 publicae
791 1259 915 1300 causae
933 1262 1068 1304 Deum
1082 1264 1338 1304 exercituum

295 1329 647 1376 propugnatorem
675 1318 835 1373 experti
867 1314 959 1360 sane
992 1320 1099 1364 haud
1117 1319 1340 1363 infeliciter

294 1376 457 1421 sumus.
493 1375 589 1433 Ejus
618 1377 704 1418 Nos
722 1403 736 1426 ,
771 1375 866 1418 licet
890 1377 1339 1429 immeriti,.‚Vicariam

293 1437 581 1481 auctoritatem
599 1435 637 1475 in
653 1434 780 1477 terris
797 1434 966 1491 adepti,
998 1436 1234 1497 coelestibus
1259 1437 1337 1495 jus·

292 1496 340 1539 sis
366 1493 599 1539 Pontificias
625 1493 933 1537 cohortationes
962 1496 1251 1555 adjungimus,
1285 1512 1337 1541 ne

292 1564 376 1598 tam
401 1554 604 1611 praeclaris
623 1554 777 1595 Divinae
792 1554 1023 1598 clementiae
1041 1555 1250 1599 beneficiis
1265 1559 1337 1601 ab·

292 1616 349 1657 uti
363 1628 542 1671 unquam
559 1610 638 1658 else
655 1626 870 1668 arguamur
882 1643 892 1654 .
920 1616 1034 1673 Qid
1050 1629 1178 1672 porro
1197 1619 1336 1661 haste-

291 1688 369 1717 nus
386 1676 595 1730 egerimus
611 1701 625 1725 ‚
655 1671 733 1728 qua
748 1671 921 1727 paterna
937 1675 1139 1719 charitate
1156 1677 1336 1720 Austria-

288 1747 380 1776 cam
394 1735 571 1776 Domum
583 1760 597 1783 ‚
612 1733 844 1778 Catholica-
860 1733 1090 1790 Religionis
1114 1736 1338 1789 vindicem,

288 1794 331 1835 ἃ,
358 1792 576 1837 Christiani
592 1791 716 1833 Orbis
739 1802 1026 1837 ornamentum
1053 1797 1257 1850 complexi
1291 1798 1336 1838 ii·

285 1867 379 1897 mus,
395 1881 408 1904 ‚
429 1866 516 1895 rem
533 1850 656 1906 ipsam
675 1852 882 1894 auctorem
899 1852 1115 1896 dedimus.
1140 1855 1336 1898 Profecto

287 1912 420 1957 minus
453 1909 662 1953 effecimus
690 1939 705 1962 ‚
735 1912 854 1966 quam
889 1915 1074 1967 cupimus
1098 1943 1115 1965 ‚
1146 1910 1214 1957 sed
1245 1915 1334 1971 plus

285 1972 412 2015 etiam
450 1969 537 2013 fere
554 2000 569 2020 ‚
594 1983 712 2025 quam
743 1983 814 2024 per
831 1971 1059 2024 Apostolici
1085 1974 1233 2016 AErarii
1264 1989 1334 2018 an·-

288 2031 437 2089 gustias
456 2028 653 2085 possumus
668 2056 680 2071 .
711 2031 834 2070 Nunc
853 2039 994 2072 autem
1011 2031 1048 2072 in
1065 2034 1331 2077 Germaniam

282 2091 486 2136 mittimus
512 2092 657 2131 Virum
686 2087 928 2143 eloquentia
951 2088 1128 2142 illustri,
1159 2091 1337 2148 spectata,

281 2148 366 2197 fide
384 2178 399 2199 ,
415 2144 671 2191 sanctimonia
685 2146 934 2202 praecipuum
950 2177 963 2198 ‚
982 2151 1328 2205 EHyacinthum,

281 2207 564 2255 Casalensem,
579 2211 711 2257 Caput
723 2206 832 2248 inum
848 2236 861 2246 .
882 2205 979 2263 Ejus
997 2206 1189 2253 facundia*
1205 2222 1328 2265 atque

281 2269 469 2326 pietate,
501 2272 620 2322 quam
643 2265 770 2307 ltaliae
796 2264 1013 2309 salutarem
1030 2267 1144 2313 fuiffe
1165 2271 1325 2314 conflu-

278 2339 396 2371 entes
415 2328 548 2370 Urbes
564 2324 614 2368 ad
637 2338 735 2367 eum
751 2324 1001 2369 audiendum
1027 2326 1323 2379 testificantur,

277 2388 484 2444 speramus
520 2399 600 2427 non
634 2384 844 2426 mediocre
872 2384 1152 2438 adjumentum
1187 2388 1322 2432 afferri

276 2444 386 2503 posse
401 2443 573 2501 publicis
586 2442 694 2485 istius
711 2444 934 2487 Provinciae
952 2447 1199 2490 rationibus.
1234 2451 1321 2493 Nos

273 2507 497 2550 Hominem
525 2505 630 2547 hunc
645 2503 821 2557 negotiis
836 2506 1000 2558 agendis
1015 2519 1293 2562 opportunum
1307 2538 1321 2562 ,

273 2568 299 2611 ὲ
319 2565 489 2616 Deo,in
506 2564 580 2606 hoc
601 2576 740 2604 rerum
754 2561 986 2608 discrimine
1008 2566 1213 2622 objefium
1233 2573 1321 2612 ΝΟ-

271 2627 334 2667 bis
347 2622 426 2667 effe
442 2622 725 2676 intelligentes
742 2648 755 2670 a
774 2622 1007 2676 Apostolica
1029 2640 1123 2667 eum
1144 2627 1316 2669 Benedi-

268 2686 403 2726 estinne
423 2682 768 2726 communivimus
785 2708 799 2731 ,
825 2692 945 2737 atque
962 2685 1138 2729 eandem
1154 2713 1168 2735 ‚
1195 2701 1315 2743 quam

269 2744 402 2787 Nobis
442 2741 706 2797 loquentibus
723 2770 736 2791 ‚
775 2738 899 2783 fidem
933 2743 1070 2786 haberi
1101 2747 1285 2798 cupimus
1301 2776 1313 2788 .

270 2801 517 2846 Nobilitatis
535 2812 612 2841 tuae
637 2801 720 2841 erit
744 2801 1033 2845 benevolentia
1049 2802 1115 2847 sua
1130 2806 1316 2862 comple-

268 2863 321 2904 sti
348 2862 495 2903 Virum
517 2862 606 2901 Deo
626 2859 831 2912 Nobisque
857 2861 1149 2915 gratiffimum2
1178 2867 1215 2907 &
1244 2867 1312 2921 qui

273 2921 404 2978 probe
432 2917 655 2973 intelligit,
678 2918 903 2961 Catholicae
920 2921 1131 2977 Religioni
1145 2924 1185 2966 in
1204 2928 1310 2969 Ger-

267 2981 401 3024 mania
419 2978 669 3035 periclitanti
694 2976 956 3022 firmiffimum
970 2980 1050 3024 effe
1073 2982 1111 3024 in
1127 2985 1310 3029 Austria·

268 3053 415 3082 corum
443 3037 676 3093 Principum
714 3035 917 3083 felicitate
956 3042 1179 3096 praefidium
1198 3076 1211 3085 .
1259 3045 1309 3089 ld

267 3103 357 3142 Nos
392 3111 554 3154 quoque
585 3111 836 3152 magnopere
871 3100 893 3141 a
926 3099 1171 3152 Nobilitate·
1189 3105 1310 3150 Tua...

267 3158 530 3213 flagitamus,
555 3156 623 3198 cui
655 3158 804 3199 iterum
832 3159 1065 3214 Apostolica
1084 3164 1316 3207 Auctorita-

266 3227 312 3259 te
343 3217 652 3260 benedicimus.
687 3218 840 3260 Datum
868 3221 1005 3262 Romae
1030 3220 1136 3274 apud
1166 3226 1206 3265 S.
1224 3226 1314 3267 Ma-

264 3275 369 3318 riam
385 3275 583 3331 Maiorem
614 3275 685 3319 sub
699 3277 864 3319 Annulo
880 3277 1103 3323 Piscatoris
1124 3280 1201 3325 die
1215 3297 1310 3327 xxv.

261 3334 371 3392 Junii
387 3333 652 3378 Pontificatus
667 3335 790 3378 nostri
804 3351 913 3380 anno
924 3340 1074 3395 primo.

634 3455 809 3509 Joannes
824 3443 1068 3515 &iampoius
1082 3463 1245 3505 Secret-

319 3574 381 3617 Ex
396 3568 553 3628 Regesto
571 3570 698 3626 pred.
710 3570 796 3630 sol.
812 3587 852 3618 2.

1162 175 1610 300 Custodia

1544 300 1720 355 Scribit
1744 301 1907 355 eodem
1923 306 2222 376 Argumento
2236 344 2251 360 .

1405 424 1443 466 A
1462 430 1613 480 tergo:
1654 422 1874 469 Venerabili
1899 423 2078 479 Fratri,
2107 429 2248 472 Carolo
2274 429 2463 491 Epist'ope
2531 417 2535 422 ⁴

1772 485 2078 529 Wratistavlen.

1419 605 2016 661 GREG0R1Us
2073 574 2284 658 PAPA
2339 611 2459 662 xv.

1455 731 1695 777 Venerabilis
1719 737 1869 779 Frater
1878 734 2061 792 sblutem
2091 737 2145 788 &⁹
2173 737 2430 796 Apostolicam

1766 794 2076 840 Lenedimoncm
2091 824 2105 837 .
2454 797 2456 800 ’

1411 898 1663 1014 ADdeo
1689 902 1884 957 praeclare
1909 904 1963 948 de
1978 905 2203 950 Catholica
2224 906 2452 965 Religionis

1565 960 1706 1002 meriti
1720 962 1812 1004 estis
1827 987 1842 1010 a
1875 965 2076 1008 Austriaci
2095 967 2310 1024 Principes
2326 993 2341 1015 a
2374 976 2422 1009 ut'
2436 993 2453 1018 2

1406 1024 1476 1073 qui
1493 1016 1581 1075 ejus
1595 1018 1788 1075 dignitati
1807 1022 2026 1066 consulunt
2047 1053 2060 1076 ,
2086 1025 2258 1068 vestram
2282 1023 2451 1082 quoque

1406 1075 1651 1121 felicitatem
1662 1094 1920 1136 propugnent
1937 1112 1950 1133 ‚
1971 1079 2130 1126 necesse
2148 1085 2232 1126 est:
2264 1083 2339 1129 haic
2355 1084 2452 1128 san’e

1403 1135 1536 1192 gloria
1551 1167 1564 1189 ,
1588 1139 1777 1182 omnibus
1796 1137 1940 1184 Infulis
1964 1143 2181 1198 regnisque
2199 1145 2450 1202 praestantqu

1401 1210 1446 1238 re
1459 1224 1474 1248 ,
1491 1207 1534 1238 ut
1548 1200 1669 1253 quam
1685 1198 1906 1241 diutiffime
1922 1202 2192 1256 perfruamini
2211 1232 2226 1254 ‚
2249 1206 2453 1246 Commu*-

1402 1269 1454 1297 ne
1486 1257 1757 1300 maximorum
1777 1258 2028 1304 Pontificum
2054 1273 2196 1303 votum
2226 1263 2284 1304 est
2310 1291 2323 1313 ,
2357 1263 2453 1319 qui&

1402 1315 1474 1356 bus
1488 1341 1503 1363 2
1535 1326 1597 1358 tot
1613 1319 1846 1361 Germaniae
1867 1321 2114 1363 proceribus
2144 1321 2240 1363 fidei
2256 1319 2450 1365 diffiden-

1401 1375 1509 1416 tibus
1536 1403 1550 1426 ‚
1581 1376 1775 1421 eximium
1806 1377 1965 1434 semper
1996 1379 2146 1423 debitae
2176 1379 2453 1423 observantiae

1398 1432 1557 1477 cultum
1583 1435 1841 1481 exhibuistis.
1880 1442 1965 1481 Nos
1994 1438 2142 1491 certe,
2174 1454 2276 1495 quos
2304 1441 2451 1494 Deus,

1400 1491 1501 1535 licet
1538 1494 1809 1538 immerentes
1833 1523 1848 1546 ‚
1881 1497 2120 1542 Christiano
2148 1499 2250 1542 Orbi
2279 1496 2444 1554 praeeffe

1400 1552 1531 1594 voluit
1548 1581 1561 1604 ,
1585 1555 1624 1595 δι
1647 1553 1918 1610 periclitantis
1938 1555 2197 1612 Religionis,
2228 1560 2264 1600 &
2280 1558 2446 1614 inclytae

1397 1612 1619 1657 Austriacae
1631 1614 1781 1658 Gentis
1803 1615 1983 1671 pericula
2002 1618 2273 1660 vehementer
2286 1617 2445 1663 sollici-

1400 1682 1518 1723 tant,
1551 1686 1686 1729 neque
1708 1672 1796 1717 sane
1823 1689 1898 1727 pro
1915 1675 2071 1718 viribus
2089 1675 2235 1718 nostris
2251 1687 2318 1718 aut
2333 1678 2446 1733 opti-

1400 1745 1466 1773 mo
1491 1734 1738 1788 Imperatori
1765 1761 1780 1785 ,
1820 1744 1890 1777 aut
1920 1734 2093 1789 publicae
2127 1737 2250 1778 caui'ae
2276 1734 2447 1788 defuiffe

1399 1803 1644 1845 arguemur.
1676 1793 1800 1852 Qod
1828 1794 1854 1835 fl
1888 1795 2067 1836 victoriis
2085 1791 2447 1853 Bohemiai'atqu'k

1401 1852 1620 1907 Hungariae
1647 1853 1963 1910 Rempublicam
1994 1854 2047 1896 ad
2086 1854 2262 1907 aliquam
2292 1853 2445 1904 spenu

1397 1911 1709 1966 tranquillitatis
1732 1915 1841 1955 Deus
1859 1911 2030 1956 erexisse
2049 1913 2218 1956 videtur
2235 1943 2248 1965 ‚
2281 1927 2359 1956 non
2377 1926 2445 1958 ta-

1394 1981 1489 2011 men
1520 1970 1573 2012 ob
1603 1970 1645 2011 id
1681 1970 1866 2026 praesenti
1909 1970 2103 2014 felicitati
2138 1974 2454 2032 indormientesf,

1393 2028 1572 2069 animum
1616 2039 1785 2084 paterna
1825 2027 2091 2073 solicitudine
2132 2032 2463 2086 liberavimus-‚²²-

1394 2082 1577 2137 Huiusce
1589 2088 1731 2131 nostrae
1745 2102 1847 2133 curae
1861 2119 1876 2140 ,
1903 2091 2066 2144 quama
2084 2093 2214 2134 Nobis
2233 2093 2440 2145 pastorale

1391 2145 1582 2189 Officium
1604 2149 1732 2204 exigit
1746 2178 1762 2199 ,
1797 2151 1939 2192 testem
1958 2149 2125 2193 babebit
2142 2150 2350 2205 Nobilitas
2368 2163 2438 2195 tua

1388 2207 1583 2261 insignem
1623 2207 1806 2261 pietate,
1837 2221 1961 2264 atque
1991 2208 2233 2263 eloquentia
2262 2211 2438 2264 Virum,

1387 2264 1581 2307 dilectum
1600 2266 1747 2308 Filium
1761 2292 1775 2314 a
1795 2268 1840 2309 Ρ.
1857 2268 2139 2322 Hyacinthum
2157 2268 2438 2323 casalensem,

1386 2327 1644 2379 Capucinum
1662 2355 1674 2367 .
1697 2325 1794 2381 Ejus
1810 2324 1994 2382 speetatae
2012 2327 2127 2370 Fidei
2145 2329 2285 2383 gravia
2301 2343 2436 2385 nego-

1386 2385 1443 2426 tia
1471 2384 1554 2426 istic
1577 2385 1758 2440 gerenda
1786 2386 2093 2439 mandavimus3
2125 2388 2178 2429 de
2198 2389 2348 2444 quibus
2364 2389 2435 2444 ipfi

1386 2445 1543 2486 Tecum
1560 2459 1700 2486 coram
1721 2442 1933 2488 differenti
1946 2474 1960 2497 ‚
1986 2447 2161 2489 eandem
2176 2474 2190 2496 ‚
2222 2461 2343 2504 quam
2359 2462 2436 2490 no-

1385 2502 1471 2546 stris
1506 2505 1666 2554 verbis,
1700 2502 1822 2548 fidem
1848 2506 2002 2548 habere
2034 2506 2190 2560 poteris
2218 2535 2229 2549 .
2277 2509 2434 2553 Coete-

1384 2562 1471 2606 rum
1495 2567 1657 2605 tuendae
1674 2564 1904 2621 Religionis
1933 2564 2108 2609 studium
2123 2594 2138 2617 ‚
2162 2565 2270 2621 quod
2290 2567 2432 2608 Nobi-

1382 2621 1473 2664 l¹tas
1492 2624 1578 2665 Tua
1595 2621 1754 2678 semper
1783 2624 2004 2679 praesetulit
2020 2654 2034 2676 ‚
2066 2625 2106 2665 δι
2122 2625 2187 2666 cui
2207 2624 2278 2667 ille
2296 2625 2335 2666 se
2354 2627 2431 2668 de-

1379 2681 1512 2733 vovit,
1531 2681 1622 2724 Tibi
1640 2680 1761 2726 facile
1785 2683 1978 2735 suadeat,
2012 2695 2054 2725 ut
2072 2685 2294 2727 Hominem
2320 2685 2429 2738 hunc

1380 2741 1513 2784 Nobis
1540 2741 1804 2797 gratissimum
1833 2744 2060 2798 patrocinio
2079 2754 2149 2787 tuo
2174 2743 2430 2797 complecta-

1379 2802 1461 2854 ris3
1478 2815 1566 2843 nam
1584 2803 1625 2845 &
1640 2801 1809 2854 publica:
1826 2805 1948 2846 causae
1966 2801 2246 2860 suffragaberis
2261 2832 2275 2855 ‚
2294 2805 2334 2846 δι’
2346 2804 2428 2847 n'o-

1377 2860 1496 2902 stram
1523 2872 1734 2915 paternam
1760 2863 2093 2906 benevolentiam
2122 2863 2298 2905 maxime
2325 2876 2421 2918 pro-

1375 2921 1603 2963 mereberis
1617 2948 1632 2970 ,
1667 2922 1733 2964 cui
1756 2921 1903 2966 iterum
1920 2922 2054 2978 Apost.
2074 2924 2193 2965 Auct-
2210 2919 2425 2967 benedici·

1378 2994 1492 3023 mus.
1525 2983 1624 3023 Dat·
1640 2980 1946 3038 utsttpra&ex
1963 2985 2055 3037 Reg.
2073 2976 2299 3039 eodemf3.

1377 3124 1494 3136 ——-
1498 3117 2407 3139 —w——m—·—-

1375 3217 1557 3269 Eodem
1589 3233 1899 3288 argumento,
1926 3217 1975 3271 <Sc
2008 3220 2101 3268 alio
2129 3220 2342 3288 exemplo
2363 3255 2378 3271 .

1372 3340 1407 3382 A
1423 3346 1571 3394 tergo:
1605 3341 1738 3384 Eidem
1754 3340 1894 3384 carolo
1908 3339 2092 3398 Epistopo
2114 3338 2407 3383 wratislavien-

1374 3460 1968 3515 GREGORIUS
2026 3459 2236 3508 PAPA
2294 3460 2414 3511 XV.

1406 3579 1641 3625 Venerabilis
1673 3584 1825 3626 Frater
1842 3577 2020 3636 filatem
2043 3577 2092 3625 (9·
2119 3576 2381 3637 Apostolt'cam

1717 3636 2026 3683 Beni-dimona:
2042 3662 2057 3678 .

1511 3761 1603 3803 UAE
1615 3761 1702 3802 Nos
1727 3755 1840 3802 causa
1869 3755 2076 3813 impulerit
2094 3754 2173 3799 hoc
2189 3765 2407 3814 tempore,

1373 3757 1577 3917 Qu
1591 3821 1634 3864 in
1649 3817 1917 3865 Germaniam
1932 3816 2409 3919 mitteremusigustnucmniav
