2664 4114
930 268 933 274 .
969 198 1510 318 Neapolitana
1535 268 1552 286 .

186 318 306 355 antur
320 318 550 357 contractus
571 343 584 366 ,
598 323 667 357 aut
694 328 760 356 res
773 312 852 368 ipsa
869 313 1051 357 consistat
1066 345 1081 366 ,
1105 333 1229 361 eser-

186 382 311 420 cere,
342 383 412 411 aut
440 371 901 422 excommunicationis,
936 371 1193 427 suspenfionis
1211 409 1227 429 ,

186 429 254 470 vel
278 429 515 483 interdicti,
548 432 616 475 seu
633 434 728 475 alias
745 431 964 472 tententias
982 459 996 482 ,
1028 433 1229 488 censuras,

185 488 258 529 vei
271 501 414 542 poenas
428 491 689 547 promulgare
710 491 940 531 nullatenus
971 490 1111 543 possint
1130 522 1144 544 ,
1160 508 1230 538 aut

187 546 393 599 debeant,
425 550 494 592 sed
523 551 650 593 Maria
677 546 909 599 Abbatiffa,
941 552 978 592 δι
995 553 1196 594 Moniales
1213 581 1230 605 ,

186 619 232 647 ac
264 606 445 650 Personae
471 609 638 666 praefata:
663 607 717 648 de
745 606 783 648 se
812 610 1130 662 quaerelaiitibus
1155 627 1227 654 co-

186 677 275 706 ram
301 664 406 710 dieta
434 668 572 718 Sede,
603 675 673 708 aut
692 667 853 721 Legatis
874 696 888 718 ‚
915 669 994 713 ‚vel
1014 669 1228 722 Delegatis

186 723 369 780 ejusdem
393 727 445 770 de
470 725 614 782 justitia
637 724 886 778 respondere
911 737 1131 768 teneantur
1157 754 1170 766 .

246 786 530 828 Decernentes
546 784 762 839 proceffus,
777 783 1006 832 sententias,
1021 783 1228 832 censuras,

185 843 223 883 &
238 857 382 898 poenas
395 873 410 894 ,
425 855 521 899 quos
535 871 549 894 ,
563 844 604 883 &
618 856 713 899 quas
728 853 870 885 contra
889 843 1112 898 hujusinodi
1129 857 1229 884 con-

185 901 404 944 ceffionem
419 916 493 957 per
510 902 775 944 Ordinarium
790 930 804 953 ,
822 903 1005 944 Vicarios
1022 931 1035 953 ,
1063 901 1230 943 Officia·-

184 958 247 1003 les
261 985 285 1020 ,1
306 973 351 1001 ac
379 961 626 1016 Superiores
647 960 833 1015 praesatos
865 963 1035 1012 haberi,
1062 964 1100 1002 &
1132 975 1230 1015 pro-

186 1017 355 1073 mulgari
370 1050 386 1071 ,
403 1033 476 1062 nec
492 1033 573 1062 non
588 1019 744 1063 irritum
765 1048 779 1071 ,
802 1022 842 1062 δε
858 1020 1004 1070 inane,
1030 1018 1230 1074 quidquid

184 1076 225 1117 in
256 1080 507 1122 contrarium
529 1077 737 1130 scienter,
771 1080 836 1120 vel
868 1079 1103 1131 ignoranter
1130 1091 1230 1118 con-

183 1137 327 1191 tigerit
353 1138 573 1179 attentari.
606 1140 703 1179 Non
730 1136 982 1179 obstantibus
1002 1134 1134 1177 felicis
1165 1149 1230 1176 re·

184 1193 434 1236 cordationis
471 1196 704 1237 innocentii
743 1196 860 1249 Papae
895 1196 970 1235 IV.
1011 1193 1229 1250 praedeces.

183 1249 283 1293 soris
300 1253 465 1303 Nostri,
497 1266 580 1308 quae
603 1253 772 1308 incipit:
810 1254 1007 1304 Volentes,
1032 1268 1075 1296 ac
1107 1257 1229 1296 Late-

184 1309 363 1353 ranenfis
391 1311 574 1355 Concilii
596 1311 800 1354 noviffime
816 1311 1043 1365 celebrati,
1074 1327 1119 1354 ac
1137 1313 1228 1366 qui·

185 1368 318 1413 busvis
347 1370 433 1412 aliis
462 1369 707 1426 Apostolicis
725 1399 739 1422 ,
771 1385 847 1413 nec
879 1384 960 1413 non
988 1371 1025 1413 in
1055 1372 1226 1414 Provin-

184 1428 377 1480 cialibus,
405 1431 442 1471 δε
469 1430 743 1482 synodalibus
770 1429 969 1472 Conciliis
996 1430 1119 1472 editis
1139 1432 1227 1472 Ge-

183 1487 388 1530 neralibus
407 1515 420 1538 ,
452 1488 519 1530 vel
549 1486 786 1544 specialibus
814 1488 1185 1532 Constitutionibus
1208 1513 1224 1534 a

183 1549 224 1589 &
245 1545 618 1590 ordinationibus:
650 1563 724 1591 nec
761 1562 840 1590 non
867 1547 1068 1590 diistorum
1097 1547 1223 1588 Ordi-

183 1619 282 1649 num
306 1605 564 1662 juramento,
596 1609 633 1649 ἃ,
661 1607 986 1650 Confirmatione
1019 1606 1222 1660 Apostoli.

182 1680 258 1717 ca,
290 1665 356 1708 vel
385 1667 523 1721 quavis
548 1663 743 1709 firmitate
771 1666 848 1708 alia
880 1666 1079 1708 roboratis
1097 1665 1219 1704 statu-

184 1725 236 1767 tis
249 1752 263 1775 ,
276 1725 315 1764 &
330 1722 688 1767 consuetudinibus
701 1754 714 1775 ,
731 1724 955 1779 privilegiis
980 1735 1144 1778 quoque
1160 1721 1223 1762 in-

182 1783 312 1827 dultis
327 1810 340 1832 ,
354 1782 538 1825 &literis
556 1784 813 1838 Apostolicis,
828 1779 1032 1836 quibusvis
1050 1780 1220 1821 Ordini-

183 1845 286 1891 bus,
318 1840 419 1882 locis
438 1867 451 1890 ,
482 1843 521 1881 &
554 1839 767 1891 Personi's,
799 1839 869 1883 sub
899 1834 1221 1896 quibuscumque

181 1899 391 1943 tenoribus
416 1899 454 1939 &
479 1897 618 1941 formis
635 1928 648 1949 ,
680 1914 726 1941 ac
752 1914 843 1941 cuin
869 1897 1071 1955 quibusvis
1096 1899 1221 1938 etiam

182 1958 543 2013 derogatoriarum
568 1958 838 2014 derogatoriis
857 1987 868 2009 ,
898 1956 1060 2013 aliisque
1090 1957 1228 1998 effica-

182 2018 391 2066 cioribus,
423 2017 659 2060 &oinsolitis
687 2016 898 2069 clausulis3
932 2031 1002 2059 nec
1033 2030 1114 2059 non
1143 2016 1228 2056 irri-

184 2077 396 2127 tantibus,
427 2077 466 2116 &
499 2076 590 2118 aliis
622 2076 800 2118 decretis
830 2075 1021 2117 conceffis
1045 2106 1059 2127 ‚
1091 2078 1126 2115 &
1157 2088 1230 2129 ap-

184 2136 402 2191 probatis3
434 2135 580 2191 quibus
611 2137 796 2178 omnibus
817 2165 832 2186 ,
865 2137 905 2176 δι
930 2150 1072 2176 eorum
1102 2134 1232 2188 singu-

182 2196 263 2246 lis,
295 2193 447 2236 etiamfi
477 2195 532 2237 de
560 2194 639 2235 illis
664 2223 678 2244 ,
709 2208 932 2249 eorumque
973 2196 1070 2235 totis
1111 2204 1231 2234 teno-

186 2254 298 2296 ribus
327 2251 538 2308 specialis‚
571 2251 755 2307 specifica
773 2282 787 2303 ‚
816 2252 1021 2294 individua
1043 2282 1058 2302 ‚
1092 2254 1129 2293 &
1157 2265 1230 2291 ex-

185 2309 314 2368 preffa
344 2313 525 2362 mentio,
555 2313 620 2354 seu
647 2313 793 2366 quaevis
820 2312 898 2353 alia
933 2310 1128 2367 expressio
1158 2311 1228 2351 ha-

187 2369 319 2414 benda
335 2400 352 2420 ‚
375 2381 442 2411 aut
460 2371 592 2426 aliqua
616 2370 693 2411 alia
718 2369 911 2425 exquisita
927 2369 1056 2412 forma
1077 2370 1125 2410 ad
1153 2370 1227 2409 hoc

185 2429 380 2472 servanda
408 2426 514 2471 soret
531 2457 544 2479 ,
571 2438 733 2470 tenores
757 2429 985 2483 hujusmodi
1007 2458 1021 2479 ,
1052 2443 1097 2471 ac
1124 2429 1149 2468 si
1175 2427 1227 2467 de

184 2489 314 2532 verbo
340 2485 390 2529 ad
417 2488 616 2538 verbum,
648 2488 747 2530 nihil
783 2489 944 2542 penitus
982 2486 1150 2536 omisso,
1182 2500 1228 2527 ac

186 2545 320 2590 forma
348 2546 387 2587 in
415 2547 495 2589 illis
524 2547 676 2588 tradita
705 2545 918 2588 observata
939 2576 952 2597 ‚
983 2549 1020 2587 &
1048 2545 1225 2586 inserta„

186 2605 326 2649 forent
343 2632 357 2655 ‚
389 2620 462 2660 pro
484 2603 673 2660 expreffis
701 2607 901 2648 habentes
920 2633 934 2654 ,
957 2605 1039 2646 illis
1067 2604 1162 2644 alias
1190 2602 1228 2642 i‘n

185 2664 257 2707 suo
279 2665 427 2706 robore
451 2662 745 2719 permansuris,
773 2667 847 2706 hac
872 2665 963 2705 vice
989 2664 1228 2709 dumtaxat,

185 2722 419 2780 specialiter
430 2753 446 2774 ,
460 2724 501 2764 &
517 2723 706 2776 expresse
728 2723 985 2776 derogamus,
999 2722 1228 2773 ceterisque

187 2780 407 2826 contrariis
433 2781 776 2837 quibuscumque.
814 2779 931 2822 Nulli
964 2794 1066 2834 ergo
1095 2778 1228 2819 omni-

188 2857 243 2884 no
263 2841 467 2882 hominum
490 2839 613 2880 liceat
637 2840 737 2879 hanc
761 2837 945 2893 paginam
966 2839 1119 2879 Nostrae
1137 2849 1228 2876 ere—

187 2899 362 2949 Ctionis,
392 2898 650 2940 institutionis
669 2925 681 2948 ‚
712 2897 1013 2945 concessionis,
1048 2892 1227 2941 indulti,

187 2957 476 3014 applicationis
489 2986 504 3007 ,
528 2955 896 3010 appropriationis',
928 2952 1199 3006 exemptionis
1213 2976 1228 2998 ,

187 3017 473 3066 liberationis,
506 3014 791 3069 susceptionis,
820 3012 1007 3064 decreti,
1039 3014 1076 3053 &
1107 3010 1226 3051 dero·

191 3075 365 3133 gationis
403 3075 628 3129 infringere
654 3103 668 3125 ‚
716 3073 783 3115 vel
814 3073 851 3114 ei
884 3071 975 3113 ausu
1005 3069 1233 3113 temerario

189 3135 426 3187 contraire3
452 3135 494 3176 Si
518 3134 609 3188 quis
628 3142 768 3176 autem
796 3133 872 3175 hoc
895 3139 1104 3172 attentare
1135 3140 1232 3180 prae-

191 3191 430 3245 sumpserit,
453 3190 772 3246 indignationem
794 3189 1099 3241 omnipotentis
1128 3184 1234 3235 Dei,

192 3267 239 3295 ac
268 3254 489 3292 Beatorum
518 3251 667 3300 Petri,
705 3250 745 3289 &
772 3248 886 3291 Pauli
915 3246 1234 3301 Apostolorum„

193 3311 280 3365 ejus
307 3309 347 3351 se
375 3308 538 3351 noverit
580 3305 833 3350 incursurum
856 3335 868 3346 .
915 3308 1067 3346 Datum
1098 3306 1236 3344 Romae

194 3367 299 3422 apud
329 3370 368 3410 S.
386 3370 555 3409 Petrum
581 3368 702 3407 Anno
727 3363 1024 3406 Incarnationis
1055 3359 1237 3403 Domini·

196 3443 250 3471 cae
275 3425 492 3468 millesimo
529 3423 848 3479 quingentesimo
877 3420 1084 3475 trigesimo
1114 3432 1235 3473 quar-

197 3497 270 3535 t0,
305 3485 534 3528 Undecimo
556 3483 647 3526 Kal.
666 3482 835 3531 Martii,
861 3478 1124 3523 Pontificatus
1149 3480 1236 3519 No-

199 3546 233 3586 ri
258 3545 380 3586 Anno
407 3543 572 3587 Primo.

258 3603 376 3644 Bulla
394 3602 581 3659 formata
611 3603 653 3642 t‘n
682 3599 853 3640 Archivo
881 3593 1122 3640 Monialium
1148 3622 1161 3642 ‚
1192 3592 1238 3632 de

315 3673 393 3714 qua
411 3659 678 3702 authenticum
698 3659 902 3712 Exemplar
915 3659 957 3697 in
974 3653 1141 3696 Archivo
1157 3654 1232 3692 Ge-

316 3720 444 3759 nerah
475 3718 633 3761 Ordinis
661 3717 850 3761 Armario
878 3711 1092 3758 Provincia
1122 3711 1235 3753 Nea-

318 3776 494 3832 politana
511 3803 522 3816 .

1291 324 1595 439 Praceicedentes
1622 323 1773 374 literas
1798 327 2058 375 executioni
2078 325 2177 377 dari
2203 243 2326 376 :Zan-

1395 410 1466 443 at.

1366 516 1703 568 PAULUS
1758 516 2277 574 EPISCOPUS·-

1537 633 1688 671 Servus
1720 635 1940 676 servorum
1974 634 2089 676 Dei

1329 732 1544 799 Venerabili
1578 738 1720 778 Fratri
1752 740 1927 794 Episcopo
1963 742 2172 797 Caſs-rtano
2194 766 2209 789 9
2250 740 2299 787 δ’

1375 793 1543 834 Βιίεῖἶίς
1574 794 1686 836 Finis
1718 795 1867 836 Abbati
1896 799 1936 836 S.
1959 799 2162 849 Severini,
2185 799 2239 848 ὠ*

1438 850 1569 894 Priori
1587 852 1667 898 &a
1686 855 1724 891 S.
1742 854 1919 894 Martini
1935 858 2184 909 Neapoltcan.

1495 909 1666 974 Monast.
1675 909 1851 965 filusem
1863 941 1877 962 ,
1904 913 1954 960 ὠ
1972 915 2130 969 Aposto-

1583 972 1699 1010 ticam
1718 972 2021 1011 Benediffionem
2033 999 2045 1011 .

1422 1086 1532 1128 Odie
1561 1086 1584 1128 a
1615 1085 1742 1126 Nobis
1769 1084 2006 1128 emanarunt
2037 1090 2179 1130 Literae
2207 1094 2329 1131 terno:

1436 1146 1488 1186 ris
1505 1142 1805 1199 subsequentis:
1835 1146 1971 1186 Paulus
2015 1148 2211 1201 Episcopus
2239 1152 2330 1189 ser-

1292 1218 1360 1245 vus
1388 1208 1596 1247 Servorum
1634 1205 1734 1253 Dei,
1773 1202 1960 1245 Debitum
1988 1205 2196 1259 pastoralis
2233 1205 2328 1256 rest-

1289 1265 1409 1305 duum
1434 1271 1479 1304 ut
1499 1263 1657 1319 supra.
1689 1262 1892 1320 Qiocirca
1925 1263 2164 1304 Discretioni
2193 1263 2329 1304 vestrae

1291 1337 1365 1376 per
1389 1322 1620 1377 Apostolica
1645 1322 1802 1374 Scripta
1836 1320 2068 1363 mandamus
2085 1349 2102 1372 ‚v
2130 1330 2328 1376 quatenus

1291 1383 1406 1431 Vos,
1437 1380 1500 1421 vel
1529 1380 1643 1428 duo,
1675 1389 1744 1421 aut
1768 1392 1869 1420 unus
1898 1378 2083 1422 Vestrum
2114 1393 2184 1435 per
2211 1381 2323 1430 Vos,

1289 1440 1355 1481 vel
1380 1438 1501 1478 alium
1528 1438 1597 1478 seu
1620 1436 1744 1489 alios,
1779 1437 1938 1479 Literas
1964 1437 2195 1493 praedieias,
2222 1439 2261 1477 &
2286 1439 2328 1479 in

1285 1498 1342 1540 eis
1369 1506 1565 1538 contenta
1587 1507 1859 1550 quaecunque,
1885 1496 1953 1537 ubi
1977 1499 2013 1537 &
2038 1496 2203 1550 quando
2227 1509 2327 1548 opus

1285 1554 1414 1598 fuerit
1432 1582 1446 1603 ,
1474 1567 1521 1594 ac
1547 1552 1708 1607 quoties
1737 1566 1811 1607 pro
1836 1562 1952 1606 parte
1978 1555 2115 1595 Mariae
2140 1551 2328 1595 Abbatis-

1285 1616 1329 1655 sae
1343 1641 1355 1662 ‚
1379 1613 1418 1651 &
1434 1608 1678 1651 Conventus
1696 1610 1871 1665 praedicsti
1894 1609 2068 1665 desuper
2093 1610 2251 1652 fueritis
2269 1625 2331 1653 re-

1285 1669 1417 1727 quisiti
1441 1695 1454 1716 ,
1487 1667 1725 1711 solemniter
1754 1667 2011 1723 publicantes
2035 1692 2054 1721 ‚-
2090 1670 2225 1724 eisque
2253 1669 2328 1712 in.»

1284 1726 1486 1785 praemiffis
1506 1727 1682 1768 efficacis
1702 1726 1947 1770 defenfionis
1966 1727 2144 1783 praefi'dio
2161 1727 2330 1770 affistem

1285 1799 1348 1830 tes
1371 1817 1386 1837 ,
1422 1784 1581 1827 faciatis
1607 1786 1846 1828 auctoritate
1873 1786 2000 1829 nostra
2025 1787 2163 1829 literas
2193 1783 2332 1840 hujus-

1284 1845 1427 1895 modi,
1451 1846 1491 1885 &
1522 1844 1560 1885 in
1591 1845 1651 1886 eis
1680 1855 1871 1887 contenta
1896 1859 2144 1900 quacunque
2161 1843 2331 1886 firmiter

1289 1903 1497 1947 observari
1517 1931 1531 1952 ,
1558 1915 1602 1943 ac
1622 1902 1791 1957 singulos
1808 1931 1821 1954 ,
1849 1917 1947 1958 quos
1973 1903 2101 1946 lit'erae
2125 1903 2211 1958 ipsae
2231 1915 2331 1944 con·-

1290 1972 1491 2012 cernunt‚
1517 1960 1600 2002 illis
1628 1960 1792 2016 pacifice
1815 1960 1995 2014 gaudere
2012 1990 2025 2012 ,
2054 1975 2132 2004 non
2158 1962 2333 2017 permit-v

1292 2032 1426 2064 tentes
1451 2034 1521 2064 eos
1547 2033 1619 2075 per
1630 2019 1916 2069 Ordinarium,
1934 2020 2118 2063 Vicarios
2134 2048 2147 2070 ,
2174 2021 2212 2060 &
2228 2018 2331 2060 offi-

1294 2081 1420 2125 ciales
1435 2108 1449 2129 ‚
1471 2093 1517 2120 ac
1537 2078 1777 2134 Superiores
1801 2077 2014 2134 praefatos,
2039 2079 2104 2119 seu
2127 2076 2329 2133 quoscun-

1293 2155 1372 2197 que
1404 2138 1501 2181 alios
1531 2149 1675 2179 contra
1710 2138 1944 2179 earumdem
1979 2138 2228 2192 praesentium
2264 2147 2329 2178 te-

1295 2212 1434 2242 norem
1448 2197 1758 2252 quomodolibet
1774 2194 1970 2237 molestari
1984 2208 1998 2247 3
2015 2196 2329 2237 contradictores

1293 2257 1538 2300 austoritate
1578 2256 1706 2296 nostra
1732 2283 1746 2304 ,
1783 2253 2056 2309 appellatione
2082 2253 2294 2308 postpolita
2312 2280 2328 2302 ,

1292 2313 1618 2367 compescendo,
1641 2316 1832 2355 invocato
1847 2311 1968 2352 etiam
1985 2311 2034 2352 ad
2059 2313 2162 2361 hoc,
2188 2311 2328 2368 fiopus

1292 2374 1414 2416 fuerit
1431 2402 1445 2422 ,
1471 2373 1619 2414 auxilio
1641 2372 1792 2412 brachii
1820 2370 2043 2410 saecularis:
2069 2384 2145 2410 non
2168 2369 2327 2411 obstan..

1291 2436 1399 2476 tibus
1426 2431 1494 2483 piae
1525 2443 1641 2470 mein.
1671 2426 1867 2469 Bonifacii
1893 2430 2004 2481 Papae
2024 2429 2140 2468 viii.
2166 2428 2326 2470 Praede—

1292 2490 1450 2533 cefloris
1473 2486 1626 2536 nostri,
1657 2485 1734 2541 qua
1762 2496 1932 2526 cavetur
1948 2513 1962 2535 ,
1995 2498 2043 2525 ne
2065 2486 2153 2538 quis
2176 2495 2326 2526 extra-.-

1291 2548 1395 2590 suam
1413 2547 1637 2588 Civitatem
1665 2545 1731 2585 vel
1764 2542 2009 2593 Dioecefim,
2042 2543 2109 2583 nisi
2135 2542 2174 2583 in
2201 2543 2326 2584 cer‘tis

1290 2605 1475 2660 exceptis
1501 2605 1653 2646 casibus
1672 2632 1686 2653 ,
1716 2604 1755 2643 &
1781 2603 1819 2643 in
1845 2601 1923 2642 illis
1951 2601 2054 2643 ultra
2084 2613 2198 2642 unam
2236 2602 2328 2643 die-

1292 2677 1373 2707 tam
1387 2674 1408 2708 a
1424 2661 1503 2703 fine
1534 2662 1603 2705 siiae
1633 2661 1814 2703 Diaecefis
1831 2661 1879 2700 ad
1900 2660 2088 2701 iudicium
2105 2671 2324 2709 evocetur,

1291 2724 1355 2765 seu
1387 2738 1436 2764 ne
1457 2721 1623 2775 Judices
1646 2722 1670 2762 a
1688 2721 1796 2761 sede
1821 2719 2005 2772 praedista
2038 2719 2224 2771 deputati
2252 2731 2326 2758 ex-

1289 2794 1353 2822 tra
1381 2782 1605 2822 Civitatem
1631 2779 1671 2816 &
1700 2778 1929 2826 Diaeceiim‚
1962 2778 2001 2817 in
2032 2777 2174 2830 quibus
2195 2781 2323 2829 depu-

1292 2841 1363 2881 tati
1396 2838 1550 2877 fuerint
1577 2846 1721 2876 contra
1755 2834 2030 2889 quoscumque
2062 2834 2322 2888 procedere3

1289 2906 1355 2939 aut
1372 2896 1469 2943 alii,
1504 2893 1568 2933 vel
1589 2894 1672 2935 aliis
1701 2892 1811 2933 vices
1834 2890 1923 2932 suas
1948 2893 2206 2933 committere
2224 2905 2326 2944 prae-

1291 2954 1444 2996 sumant
1462 2979 1476 3000 ,
1506 2952 1612 2993 &de
1636 2951 1787 2992 duabus
1816 2950 1934 2991 dietis
1965 2951 2004 2990 in
2022 2949 2212 2989 Concilio
2238 2952 2326 2990 Ge-

1294 3011 1421 3055 nerali
1449 3008 1588 3060 edita,
1617 3007 1838 3050 dummodo
1863 3007 1968 3048 ultra
1999 3016 2079 3047 tres
2101 3006 2229 3047 dietas
2248 3006 2327 3046 ali-

1293 3071 1381 3126 quis
1405 3068 1655 3109 authoritate
1677 3065 1923 3121 praesentium
1948 3063 1996 3105 ad
2027 3062 2217 3114 judicium
2245 3077 2328 3104 nott

1298 3132 1486 3171 trahatur
1503 3155 1517 3176 ,
1547 3140 1592 3166 ac
1620 3125 1704 3166 aliis
1721 3121 2086 3167 constitutionibus
2102 3121 2137 3159 ὃ(
2150 3120 2329 3162 Ordina-

1297 3187 1475 3229 tionibus
1499 3182 1765 3237 Apostolicis:
1790 3194 1866 3221 nec
1893 3192 1971 3219 non
1999 3178 2183 3219 omnibus
2197 3177 2329 3233 supra—

1296 3244 1434 3286 dictis:
1453 3244 1516 3284 vel
1528 3271 1542 3292 ,
1561 3243 1582 3282 si
1598 3239 1832 3285 Ordinariis,
1845 3236 2017 3278 Vicariis
2031 3264 2045 3286 ,
2059 3235 2327 3283 officialibus,

1297 3306 1332 3344 &
1362 3301 1644 3355 Superioribus
1675 3296 1894 3351 praedietis,
1928 3295 1993 3335 vel
2020 3295 2223 3349 quibusvis
2239 3295 2327 3337 aliis

1296 3359 1570 3402 communiter
1587 3386 1599 3407 ,
1632 3356 1693 3397 vel
1724 3355 1876 3395 divisim
1903 3352 1952 3395 ab
1980 3353 2124 3395 eadem
2150 3352 2195 3394 fit
2219 3354 2329 3395 sede

1298 3417 1529 3464 indultum,
1562 3414 1666 3470 quod
1692 3412 1910 3460 interdici,
1942 3409 2151 3463 suspendi,
2179 3411 2244 3452 vel
2262 3425 2330 3451 ex-

1295 3476 1583 3519 communicari
1612 3485 1689 3513 non
1710 3469 1874 3524 potunt,
1891 3483 1963 3523 pei·
1981 3468 2138 3510 litteras
2154 3469 2331 3523 Aposto-

1296 3535 1392 3578 licas
1419 3547 1499 3574 non
1527 3530 1724 3572 facientes
1752 3528 1912 3584 plenam
1938 3530 1977 3568 &
2006 3526 2231 3580 expressam
2250 3538 2323 3575 ‚ac

1295 3594 1348 3634 de
1383 3593 1508 3634 verbo
1538 3589 1587 3630 ad
1622 3588 1792 3629 verbum
1823 3587 1874 3628 de
1907 3585 2072 3627 indulto
2106 3581 2328 3640 hujusmodi

1297 3651 1546 3693 mentionem
1562 3677 1572 3688 .

1357 3712 1506 3750 Datum
1543 3709 1679 3747 Romae
1703 3703 1808 3756 apud
1840 3705 1881 3743 S.
1910 3704 2079 3742 Petrum
2107 3701 2228 3739 Anno
2262 3699 2331 3737 ln-

1296 3764 1540 3811 carnationis
1569 3763 1786 3806 Dominicae
1814 3760 2031 3804 Millefimo
2062 3753 2330 3812 quingentefi.

2206 3826 2273 3853 ino
