2664 4114
374 229 487 308 62
1096 210 1627 296 Provincia

319 346 536 392 Veterem
551 340 752 386 Domum
768 333 814 380 in
827 330 1030 380 Civitate
1043 325 1341 393 Squillacenfi
1400 323 1616 368 Piicatoris
1637 349 1652 370 ,
1678 319 1755 361 Die
1773 332 1817 363 xt
1833 332 1891 361 11.
1909 314 2075 371 Augusti
2091 327 2236 358 mucu-
2260 311 2430 356 Pontifi-

390 411 612 475 relinqui,
648 405 870 468 fitumque
886 403 1007 450 illius
1023 436 1039 459 ,
1065 395 1115 447 ἃ
1135 398 1340 450 Ecclesia:

343 520 352 527 .-
391 480 576 531 alienari
603 474 807 540 indulget
826 507 840 520 .

322 622 359 663 A
375 631 504 675 tergo:
528 612 739 658 Venerabili
756 613 901 656 Fratri
914 611 1092 666 Episcopo
1108 607 1344 664 squillacen.

423 683 498 735 seu
513 672 647 714 danao
665 670 769 715 Filio
782 670 862 727 ejus
873 672 1019 714 Vtcario
1033 669 1233 712 Gener-alt.

321 792 783 844 CLEMENS
869 789 1085 837 PAPA
1156 785 1347 833 VIII.

350 910 581 952 Venerabilis
601 913 748 953 Frater
764 935 778 957 ,
794 907 871 963 stu
886 904 1015 947 dileele
1032 904 1111 946 Fili
1120 900 1319 959 salutem,

507 969 553 1016 &³
571 967 825 1025 Apostolicam
842 962 1158 1007 Benedimonem.

431 1085 565 1138 Xponi
588 1085 717 1127 Nobis
732 1096 862 1137 nuper
889 1081 1076 1125 fecerunt
1098 1076 1236 1121 dilecti
1261 1074 1352 1119 Filii

450 1144 745 1192 provincialis,
770 1144 808 1183 &
836 1144 997 1183 Fratres
1023 1137 1186 1179 Ordinis
1218 1137 1351 1178 Mino-

321 1219 410 1246 rum
441 1203 743 1256 Capucinorum
774 1209 1115 1253 nuncupatorum,
1130 1194 1352 1236 Provinciae

320 1262 528 1317 Rhegien.
555 1262 592 1301 in
621 1259 840 1305 Calabria,
873 1257 1010 1313 quod,
1043 1267 1135 1297 cum
1166 1257 1349 1301 Domus,

321 1335 440 1374 quam
469 1318 699 1359 habitabant
723 1318 763 1357 in
796 1317 862 1358 ista
890 1316 1067 1357 Civitate
1097 1312 1347 1366 squillacen.

319 1380 389 1419 fita
403 1374 500 1418 esset
516 1377 557 1414 in
572 1376 662 1415 loco
681 1373 870 1413 insalubri
883 1401 894 1420 ‚
909 1372 1035 1413 coac'ti
1054 1368 1217 1412 fuerunt
1235 1368 1345 1410 illam

319 1436 553 1488 relinquere
568 1459 582 1481 ,
613 1433 652 1471 &
666 1430 782 1472 aliam
800 1432 970 1470 Domum
988 1429 1027 1467 in
1047 1427 1139 1468 loco
1154 1426 1346 1468 salubrio-

321 1495 374 1537 ris
389 1491 490 1533 aeris
507 1487 702 1530 adificare
717 1496 916 1540 caeperunt
930 1514 944 1535 a
967 1484 1034 1527 sed
1050 1484 1142 1540 quia
1158 1483 1345 1538 pecunias

320 1565 400 1596 non
417 1551 591 1599 habent,
622 1547 766 1602 quibus
798 1544 938 1599 poffint
966 1554 1125 1598 ceptam
1149 1542 1346 1584 fabricam

322 1608 457 1666 perfici
477 1607 611 1648 facere
626 1635 640 1655 ,
671 1604 839 1658 cupiunt
853 1604 1059 1658 antiq-uam
1081 1603 1255 1642 Domum
1270 1629 1284 1651 ‚
1307 1602 1346 1641 δε

319 1664 541 1712 Ecclesiam
587 1664 748 1706 diruere
767 1691 779 1712 2
808 1663 847 1702 &
889 1670 1080 1703 caementa
1122 1659 1270 1701 exinde
1301 1657 1350 1700 ad

321 1737 469 1770 novam
491 1720 678 1764 fabricam
701 1719 959 1774 transportari
975 1748 989 1770 a
1020 1718 1134 1760 situm
1153 1721 1253 1758 vero
1272 1719 1348 1759 Ec-

321 1782 448 1825 clefiae
461 1808 474 1830 2
489 1781 528 1820 ἃ.
544 1783 694 1823 Domus
705 1777 911 1820 diruendae
925 1777 1092 1819 alienari
1110 1773 1245 1817 facere
1264 1804 1278 1825 ‚
1301 1788 1348 1817 ac

321 1842 496 1897 pretium
522 1838 668 1880 exinde
690 1837 970 1890 recipiendum
989 1834 1100 1876 fimul
1126 1847 1217 1875 cum
1235 1834 1348 1875 dictis

320 1898 521 1941 caernentis
546 1897 585 1938 in
601 1910 747 1938 novam
762 1894 955 1938 fabricam
971 1902 1220 1935 convertere
1235 1891 1348 1934 licite

319 1958 425 2013 poffe
439 1984 452 1993 ι
482 1957 623 2012 Qare
639 1955 766 1997 Nobis
783 1953 990 1995 humiliter
1007 1951 1219 2006 supplicari
1238 1949 1347 1992 fece·

322 2026 448 2065 runt,
475 2025 519 2055 ut
542 2024 809 2068 opportunam
840 2012 890 2055 ad
919 2014 995 2053 hoc
1024 2010 1231 2053 licentiam
1261 2009 1349 2065 ipsis

319 2073 546 2122 concedere
572 2071 623 2113 de
641 2071 889 2125 Benignitate
906 2067 1132 2125 Apostolica
1161 2070 1346 2124 dignare-

324 2146 434 2175 mur.
469 2132 553 2171 Nos
568 2131 686 2183 igitur
701 2143 839 2172 eorum
856 2128 1213 2184 supplicationibus
1238 2127 1349 2168 incli-

324 2189 407 2233 nati
425 2216 439 2238 a
470 2201 515 2229 ac
547 2188 635 2229 illos
663 2187 898 2242 specialibus
913 2190 989 2228 &c.
1013 2188 1134 2229 volen
1162 2189 1202 2228 δε
1225 2185 1348 2240 aqui-

324 2247 454 2290 busvis
470 2247 547 2287 &c.
562 2246 1050 2296 censentes,Fraternitati
1070 2248 1165 2287 Tuae
1179 2274 1194 2297 2
1214 2247 1353 2286 Frater

327 2304 541 2362 Episcopo,
555 2304 615 2347 seu
633 2304 874 2348 Discretioni
891 2315 979 2353 ωε,
996 2304 1068 2346 Fili
1086 2304 1266 2353 vicarie,
1281 2315 1352 2357 per

328 2361 540 2420 praesentes
555 2363 857 2412 committimus,
870 2363 1156 2405 &mandamus
1169 2389 1183 2410 a
1194 2372 1236 2403 ut
1251 2362 1353 2403 stan-

330 2423 432 2464 tibus
456 2420 648 2473 praemiffis
674 2421 894 2474 praedictam
911 2421 1129 2465 Ecclesiam
1145 2433 1353 2476 paramen-

328 2483 379 2523 tis
398 2508 410 2530 ,
436 2481 475 2519 δε
492 2480 690 2522 Altaribus
707 2509 720 2531 ‚
750 2495 904 2523 necnon
921 2482 1029 2522 omni
1059 2478 1163 2521 sacra
1182 2478 1351 2533 supelle-

327 2538 420 2580 &ile
437 2538 473 2578 in
489 2552 536 2580 ea
553 2538 815 2579 existentibus
830 2539 878 2580 ad
893 2553 1037 2580 novam
1047 2536 1265 2580 Ecclesiam
1283 2538 1352 2578 hu-

329 2594 497 2650 jusmodi
511 2596 711 2637 translatis
728 2622 741 2644 a
759 2611 803 2638 ac
827 2596 1092 2641 monumentis
1106 2622 1120 2642 a
1154 2597 1193 2636 δι
1206 2594 1349 2637 offibus

327 2662 585 2695 mortuorum
611 2652 789 2694 unacum
806 2652 1011 2708 superficie
1027 2663 1143 2694 terrae
1157 2654 1249 2695 alibi
1266 2653 1350 2694 col·

328 2710 474 2754 locatis
488 2736 502 2758 2
528 2712 741 2765 erectaque
767 2711 864 2753 inibi
883 2715 1018 2753 Cruce
1034 2714 1257 2766 prophanes
1273 2741 1287 2761 ,
1312 2712 1348 2752 a«

329 2770 379 2811 ad
394 2769 622 2822 prophanos
641 2797 654 2819 ,
687 2782 763 2810 non
780 2778 913 2811 tamen
929 2769 1103 2812 sordidos
1127 2769 1213 2811 usus
1228 2770 1350 2812 redu·

331 2839 397 2868 cas
413 2854 425 2875 ‚
456 2826 494 2864 δε
522 2825 669 2868 eisdem
687 2828 924 2869 Provinciali
944 2858 958 2877 ,
984 2830 1022 2869 ὃ(
1038 2830 1246 2871 Fratribus
1266 2831 1347 2871 Do-

330 2897 439 2925 mum
454 2910 467 2931 ,
488 2884 527 2923 &
544 2885 758 2926 Ecclesiam
775 2888 958 2941 antiquas
974 2887 1105 2938 dirui,
1131 2887 1348 2929 &illarum

330 2951 517 2984 caementa
544 2942 591 2984 ad
624 2957 764 2985 novam
794 2946 968 2985 Domum
986 2972 1000 2995 ,
1027 2947 1065 2986 ὃ(
1096 2946 1348 2988 Ecclesiam,

331 2999 589 3054 transportari
605 3029 619 3051 ,
646 3001 759 3043 litum
787 3004 883 3043 vero
908 3001 1059 3045 Domfis
1076 3030 1088 3052 ‚
1112 3006 1151 3044 &
1167 3003 1351 3046 Ecclefiae

332 3057 535 3123 diruendae
561 3073 632 3113 per
657 3060 903 3113 interpositas
927 3060 1112 3115 personas
1130 3062 1282 3111 vendi,
1312 3063 1352 3101 ἃ.

335 3117 496 3157 alienari
523 3145 537 3167 ‚
574 3131 619 3159 ac
648 3129 816 3172 pretium
845 3119 940 3160 inde
972 3120 1242 3173 redigendum
1273 3121 1351 3159 una

335 3187 424 3213 cum
449 3175 558 3215 dictis
584 3179 782 3219 carmentis
809 3180 847 3218 in
862 3177 1005 3218 dinam
1025 3176 1216 3219 fabricam
1244 3190 1352 3219 novae

335 3230 512 3294 Domus,
540 3235 578 3272 &
596 3235 775 3276 Ecclefiae
793 3236 979 3277 converti
996 3234 1166 3277 faciendi
1184 3264 1198 3286 ,
1225 3235 1352 3277 licen-

337 3296 432 3327 tiam
451 3318 465 3337 ,
491 3290 529 3328 &
552 3288 779 3334 facultatem
795 3321 809 3343 .,
824 3294 1077 3334 Auctoritate
1099 3293 1240 3335 Nostra
1256 3307 1353 3335 con-

338 3345 457 3409 cedas
473 3373 484 3385 .
517 3349 607 3386 Non
635 3351 875 3391 obstantibus
890 3351 1248 3393 Constitutionibus
1265 3382 1280 3402 ,
1312 3353 1350 3392 &

338 3402 660 3467 Ordinationibus
684 3409 916 3461 Apostolicis
931 3438 945 3460 ‚
972 3424 1016 3452 ac
1034 3410 1196 3451 Ordinis
1212 3415 1350 3463 Capu-

339 3473 516 3499 cinorum
542 3471 659 3502 etiam
683 3466 758 3505 &c-
781 3467 960 3516 statutis,
985 3470 1025 3509 δι
1048 3468 1349 3510 consuetudini-

340 3517 413 3557 bus
427 3545 439 3564 a
466 3518 692 3573 caeterifque
707 3527 912 3567 contrariis
926 3527 1234 3581 quibuscumque
1249 3556 1259 3566 .

398 3577 546 3615 Datum
561 3578 694 3619 Romae
709 3581 811 3635 apud
837 3587 875 3625 S.
896 3588 1075 3627 Marcum
1103 3585 1169 3627 sub
1187 3585 1347 3629 Annulo

1400 394 1514 427 catus
1529 379 1651 425 nostri
1668 382 1791 423 Anno
1806 375 2044 421 undecimo.

1460 492 1518 531 Ex
1536 485 1690 542 Regesto
1714 484 1982 540 authographo
1997 482 2230 522 Secretariae
2246 479 2430 522 Bra-vium

1520 543 1822 602 Apostolicorum
1839 544 1958 599 mense
1971 569 1986 591 ‚
2012 539 2065 589 (φ
2079 551 2178 580 anno
2185 537 2314 593 pred.

1646 674 1906 689 *——

1408 766 1572 813 Altare
1603 761 1803 827 Capellae
1831 759 2158 826 Conceptionis
2192 757 2314 804 B.V.
2332 757 2438 803 Mas

1476 834 1554 881 riae
1579 832 1623 878 in
1641 828 1835 880 Ecclesia
1854 827 2031 879 Domfis
2052 826 2200 878 Cast-ri
2222 825 2403 874 Veteris
2418 858 2437 882 ,

1479 899 1667 949 instante
1681 902 1808 966 Julia
1828 894 2293 963 Caraffa,Principissa
2312 899 2434 957 Roc3

1479 971 1601 1019 cellae
1617 1004 1636 1027 ,
1658 971 1703 1018 in
1721 982 1991 1036 perpetuum
2007 968 2266 1035 privilegiat
2282 1001 2294 1015 .

1445 1088 1886 1144 PAULUS
1993 1087 2250 1136 PAPA
2338 1088 2406 1135 V.

1585 1207 1651 1254 Ad
1663 1213 1900 1262 perpetuam
1929 1207 1991 1246 rei
2013 1205 2237 1246 memoriam
2251 1232 2264 1242 .

1547 1315 1702 1358 Mnium
1718 1312 1835 1356 saluti
1862 1323 2027 1368 paterna
2044 1312 2246 1354 charitate
2273 1309 2443 1361 intenti,'

1410 1316 1528 1432 O
1554 1373 1662 1416 sacra
1683 1371 1889 1414 interdum
1906 1372 1995 1413 loca
2013 1369 2283 1426 spiritualibus
2300 1368 2440 1410 Indul-

1408 1434 1633 1488 gentiarum
1649 1430 1884 1472 muneribus
1900 1430 2136 1472 decoramus
2149 1456 2163 1481 ,
2177 1438 2220 1469 ut
2233 1426 2437 1469 Fidelium

1411 1490 1698 1532 Defunc‘torum
1717 1489 1868 1531 Animae
1880 1518 1896 1538 ,
1914 1487 2075 1529 Domini
2101 1489 2154 1530 N.
2167 1487 2202 1542 J.
2217 1489 2268 1530 C.
2284 1513 2299 1537 ,
2330 1482 2442 1540 ejus-

1407 1564 1484 1603 que
1499 1549 1734 1590 sannorum
1759 1545 1942 1602 suffragia
1959 1546 2201 1588 meritorum
2217 1542 2438 1600 consequi,

1411 1610 1447 1648 δι
1466 1606 1545 1649 illis
1560 1605 1703 1661 adjutae
1717 1604 1764 1656 ,ὲ
1785 1605 2013 1659 Purgatorii
2030 1603 2159 1660 poenis
2177 1603 2228 1645 ad
2243 1611 2438 1645 aeternam
2513 1604 2516 1610 “

1411 1666 1582 1708 salutem
1600 1693 1614 1715 ‚
1639 1677 1711 1719 per
1736 1664 1811 1706 Dei
1828 1661 2142 1705 misericordiam
2170 1661 2338 1716 perduci
2368 1670 2445 1703 va·'

1411 1724 1549 1766 leant.
1581 1724 1782 1766 Volentes
1799 1722 1921 1775 igitur
1938 1719 2156 1762 Ecclefiam
2183 1722 2226 1760 B.
2241 1719 2376 1761 Mariae
2387 1718 2442 1761 de

1410 1783 1544 1824 Prima
1563 1779 1902 1825 luce-monasterii
1921 1782 2108 1822 fratrum
2126 1777 2287 1819 Ordinis
2308 1777 2444 1820 Mino-

1408 1855 1499 1884 rum
1528 1844 1574 1883 S-
1584 1836 1780 1882 Francisci
1796 1838 2096 1893 Capucinorum
2107 1862 2122 1883 ‚
2144 1848 2271 1891 prope
2284 1863 2299 1886 ‚
2313 1836 2354 1876 δε
2367 1846 2441 1877 ex-

1410 1910 1472 1942 tra
1502 1912 1634 1940 muros
1660 1899 1793 1940 Terrae
1825 1895 2115 1938 Castriveteris
2143 1895 2185 1936 'in
2216 1893 2442 1936 Calabria-³

1410 1961 1642 2013 Hyeracen.
1662 1953 1860 1998 Dioecefis
1874 1985 1889 2007 ,
1915 1954 2030 1996 fimili
2055 1952 2255 2008 hucusque
2272 1951 2446 2007 privile-

1409 2017 1476 2073 gio
1496 2044 1511 2066 ‚
1535 2027 1579 2057 ut
1595 2016 1822 2070 accepimus
1838 2042 1851 2064 ,
1881 2012 2040 2056 minime
2054 2012 2286 2054 decoratam
2300 2038 2316 2062 ‚
2346 2011 2386 2052 δι
2400 2010 2443 2052 in

1409 2090 1455 2119 ea
1494 2076 1602 2117 fitam
1642 2071 1881 2128 Cappellam
1910 2071 2184 2124 conceptioni
2218 2068 2441 2127 ejusdem-³

1410 2135 1570 2176 B.M.v.
1582 2132 1760 2174 dicatam
1772 2157 1785 2179 ,
1807 2145 1891 2187 quae
1907 2132 1926 2172 a
1943 2131 2093 2173 dilecta
2111 2129 2148 2169 in
2163 2127 2324 2170 Christo
2339 2126 2441 2170 Pilia

1412 2192 1535 2235 nobili
1566 2191 1736 2233 Muliere
1752 2189 1857 2244 Julia
1884 2189 2093 2245 Aragoniae
2107 2186 2442 2235 Caraffa2Princi·

1413 2249 1503 2306 pissa
1521 2250 1725 2291 Roccellae
1743 2247 1819 2289 fuit
1836 2248 2029 2290 aedificata
2044 2274 2059 2296 2
2087 2246 2163 2287 hoc
2181 2243 2345 2301 speciali
2365 2244 2445 2286 do-

1412 2323 1467 2352 no
1491 2307 1694 2350 illustrare
1715 2335 1730 2358 ‚
1763 2307 2019 2349 Auctoritate
2047 2303 2176 2347 Nobis
2208 2306 2231 2347 a
2262 2301 2444 2346 Domino

1413 2367 1560 2409 tradita
1575 2396 1591 2417 ,
1616 2380 1661 2408 ac
1679 2365 1732 2407 de
1743 2367 2047 2420 omnipotentis
2064 2363 2142 2404 Dei
2164 2361 2442 2405 misericordia

1413 2429 1453 2468 δι
1468 2428 1679 2468 Beatorum
1697 2426 1842 2476 Petri,
1866 2427 1903 2466 &
1921 2423 2034 2466 Pauli
2050 2420 2337 2476 Apostolorum
2351 2418 2442 2475 ejus

1416 2483 1653 2528 auctoritate
1682 2480 1813 2523 confifi
1830 2511 1844 2533 ‚
1871 2480 2227 2536 supplicationibus
2255 2477 2442 2534 ejusdem

1408 2543 1519 2601 Juliae
1534 2542 1699 2585 nomine
1713 2538 1827 2595 super
1849 2541 1925 2582 hoc
1945 2539 2154 2582 humiliter
2167 2536 2362 2594 porrec'tis
2374 2537 2446 2580 in-

1412 2602 1551 2644 clinati
1577 2615 1593 2654 3
1633 2601 1691 2642 Ut
1717 2598 2036 2654 quandocunque
2065 2598 2266 2639 Sacerdos
2297 2595 2440 2651 aliquis

1411 2659 1564 2703 Missam
1594 2655 1886 2700 Defunstorum
1910 2672 1983 2713 pro
2005 2656 2150 2699 Anima
2166 2653 2442 2710 cujuscunque

1413 2718 1592 2766 Fidem,
1614 2730 1697 2772 quae
1712 2718 1803 2758 Deo
1826 2717 2031 2758 charitate
2056 2713 2270 2769 conjuncta
2300 2713 2349 2755 ab
2365 2714 2442 2755 hac

1408 2778 1501 2820 luce
1517 2775 1778 2832 migraverit,
1796 2774 1844 2817 ad
1860 2774 2083 2831 praedie'tam
2101 2770 2314 2827 Capellam
2329 2770 2443 2813 cele-

1408 2835 1540 2879 brabit
1558 2863 1572 2886 ,
1597 2833 1729 2875 anima
1745 2830 1823 2887 ipsa
1840 2834 1892 2875 de
1909 2834 2116 2876 Thesauro
2134 2829 2321 2874 Ecclefiae
2336 2857 2350 2880 ,
2364 2843 2440 2886 per

1409 2893 1572 2938 modum
1614 2890 1782 2946 suffragii
1810 2891 2111 2947 Indulgentiam
2140 2887 2439 2944 consequatur;

1412 2954 1533 3003 ita‚ut
1548 2949 1722 3008 ejusdem
1737 2952 1900 2992 Domini
1917 2951 2065 3004 N.J.C.
2076 2976 2090 2997 a
2103 2962 2147 2990 ac
2161 2949 2264 2989 ΒΝ.
2278 2948 2414 2989 Mariae
2426 2977 2443 3000 ,

1411 3012 1725 3062 sanctorumque
1754 3010 1915 3050 meritis
1943 3007 2013 3048 fibi
2040 3005 2345 3061 suffragantibus
2370 3034 2384 3057 ,
2414 3009 2440 3051 ὲ

1412 3067 1643 3123 Purgatorii
1676 3067 1805 3121 poenis
1831 3067 2030 3108 liberetur
2046 3093 2059 3116 2
2075 3064 2333 3106 concedimus
2350 3094 2368 3115 ,
2398 3065 2439 3106 &

1411 3127 1695 3180 indulgemus3
1730 3125 1776 3166 ln
1806 3125 2054 3166 contrarium
2083 3119 2323 3165 facientibus
2357 3136 2436 3166 non

1410 3183 1660 3226 obstantibus
1685 3182 2027 3239 quibuscumque.
2062 3180 2327 3224 Praesentibus
2348 3194 2438 3237 per·

1412 3242 1542 3298 petuis
1557 3240 1705 3282 futuris
1722 3243 1973 3296 temporibus
1991 3240 2195 3281 valituris.

1476 3303 1620 3342 Datum
1637 3301 1776 3341 Romae
1797 3300 1901 3353 apud
1931 3305 1971 3344 S.
1994 3301 2160 3340 Petrum
2190 3297 2256 3340 sub
2270 3297 2434 3341 Annulo

1409 3358 1621 3399 Piscatoris
1638 3383 1652 3405 ,
1669 3358 1746 3399 Die
1762 3372 1787 3399 x
1799 3373 1859 3401 ιν.
1880 3357 2119 3402 Decembris
2136 3369 2310 3399 mocvn.
2325 3359 2435 3399 Pon-

1409 3415 1585 3458 tificatus
1605 3415 1722 3457 nostri
1735 3418 1857 3459 Anno
1873 3419 2001 3461 tertio
2015 3446 2026 3457 .
2235 3465 2238 3469 ,

1989 3473 2125 3529 Scipio
2138 3469 2400 3516 Cobellutius
2415 3498 2430 3513 .

1466 3592 1584 3633 Breve
1599 3586 1825 3648 formatum
1837 3594 1880 3637 in
1895 3590 2064 3636 archivo
2079 3591 2309 3633 Provincia.

2208 3821 2349 3867 Casta·
