2664 4114
935 265 1601 384 Meffanensts.

238 384 357 443 pretii
384 383 683 428 conversionem
704 383 743 425 in
766 379 944 439 ejusdcm
962 385 1113 424 Domus
1135 382 1256 424 fabri-

238 461 322 489 cam
338 473 352 497 ‚
382 455 426 486 ut
453 444 664 500 praesertur
686 470 700 494 ‚
723 440 839 483 factas
860 440 1089 495 Apostolica
1103 444 1255 482 Austo-

238 507 376 553 ritate,
387 514 533 544 tenore
549 501 791 557 praesentium
807 499 1088 554 approbamus,
1108 501 1147 540 &
1159 514 1257 542 con.

238 563 437 606 firmamus
477 590 492 612 ,
538 559 693 614 illisque
733 556 972 598 inviolabilis
1018 558 1255 613 Apostolicae

236 621 434 662 firmitatis
449 619 573 660 robur
585 615 790 669 adjicimus
804 643 818 666 ,
844 628 890 656 ac
906 628 1044 657 omnes
1072 619 1111 657 &
1126 616 1249 669 singu·

235 680 296 722 los
323 691 407 721 tam
421 678 517 735 juris
534 703 549 726 2
569 677 685 729 quim
702 673 790 714 faeti
804 671 1013 722 defectus,
1045 672 1070 713 fi
1092 674 1156 729 qui
1177 677 1250 715 de-

234 735 351 793 super
365 736 655 780 intervenerint
665 757 679 779 ,
690 726 914 785 supplemus
929 758 942 770 .
972 734 1250 773 Decernentcs

234 793 446 852 praesentes
463 793 616 835 litteras
632 789 782 831 validas
796 818 811 839 ,
834 787 963 830 firmas
979 817 993 840 ‚
1017 790 1053 829 St
1069 788 1251 833 efficaces

236 854 435 904 existere,
464 852 504 892 &
532 847 648 899 fore,
678 860 725 888 ae
748 848 796 888 ab
825 849 1011 888 omnibus
1037 875 1050 897 ‚
1078 846 1125 889 ad
1153 860 1251 901 quos

234 913 381 969 spectat
394 938 408 960 ,
439 909 478 949 δε
493 921 567 960 pro
582 916 766 960 tempore
786 906 995 960 spectabit,
1013 905 1253 946 inviolabili-

235 982 298 1013 ter
313 966 543 1017 observari3
576 966 707 1019 sicque
723 976 794 1016 per
809 963 1080 1018 quoscumque
1091 963 1253 1018 Judices

236 1026 493 1075 ordinarios,
518 1026 557 1064 &
574 1022 794 1076 Delegatos
811 1049 825 1072 ,
852 1023 889 1062 &
912 1022 1033 1063 etiam
1047 1019 1248 1063 causarum

236 1085 384 1131 Palatii
400 1081 622 1138 Apostolici
636 1079 852 1122 Auditores
866 1079 1033 1136 judicari
1048 1106 1062 1129 ‚
1092 1080 1131 1120 δι
1150 1077 1250 1118 defi-

234 1144 309 1189 niri
327 1143 505 1184 debere:
537 1152 583 1181 ac
599 1138 782 1184 irritum,
805 1140 844 1178 ἃ.
860 1139 1005 1186 inane,
1022 1135 1044 1175 ii
1061 1136 1172 1177 secus
1190 1137 1253 1177 su-

234 1216 310 1260 per
329 1201 385 1243 his
401 1200 422 1241 a
437 1210 635 1255 quoquam
650 1195 790 1250 quavis
803 1195 1040 1237 auctoritate
1057 1193 1225 1235 scienter
1237 1218 1253 1241 2

237 1260 303 1302 vel
329 1259 563 1308 ignoranter
576 1252 793 1306 contigerit
809 1252 1006 1294 attentari
1021 1278 1032 1291 .
1065 1255 1157 1293 Non
1184 1252 1255 1293 ob·-

235 1317 427 1361 stantibus
451 1311 525 1355 fel.
551 1324 632 1353 rec.
660 1311 770 1354 Pauli
789 1311 842 1351 Π.
867 1311 906 1351 &
921 1310 1090 1351 aliorum
1104 1311 1254 1352 Roma-

234 1387 377 1420 norum
404 1368 644 1415 Pontificum
674 1365 1004 1424 praedecessorum
1033 1367 1254 1410 nostrorum

235 1435 290 1476 de
313 1432 435 1474 rebus
449 1426 634 1471 Ecclesiae
661 1441 736 1469 non
761 1426 1012 1472 alienandis,
1036 1425 1252 1481 aliisque...

235 1488 597 1535 Constitutionibus
628 1486 667 1526 &
690 1484 1027 1528 Ordinationibus
1053 1484 1251 1540 Apostoli-

234 1551 291 1593 cis
305 1578 320 1599 ,
351 1562 396 1590 ac
409 1546 504 1588 dicti
524 1542 688 1586 Ordinis
705 1571 720 1593 ,
739 1544 861 1586 etiam
880 1543 1114 1601 juramento
1130 1557 1255 1592 ,con-

234 1607 463 1650 firmatione
490 1602 718 1658 Apostolica
737 1631 751 1654 ,
782 1601 848 1660 vgl
877 1602 953 1644 alia
975 1602 1113 1657 quavis
1130 1599 1255 1642 firmi-

235 1675 323 1709 tate
351 1663 545 1705 roboratis
572 1660 723 1702 statutis
741 1688 757 1711 ,
789 1661 829 1700 &
855 1658 1209 1702 consuetudinibus
1239 1687 1254 1709 ‚

235 1722 457 1780 privilegiis
483 1733 641 1774 quoque
669 1718 868 1769 indultis,
898 1719 937 1758 &
964 1718 1128 1760 Litteris
1142 1722 1250 1772 Apo-

235 1780 384 1824 stolicis
412 1781 450 1821 in
474 1777 719 1820 contrarium
742 1775 1018 1831 praemissorum
1034 1773 1255 1831 quomodo-

235 1841 339 1882 libet
355 1835 540 1880 conceffis
554 1864 568 1887 ,
600 1834 850 1877 confirmatis
864 1835 900 1874 δι
916 1834 1138 1883 innovatis,
1165 1834 1255 1887 qui-

233 1898 308 1940 bus
325 1897 503 1938 omnibus
518 1896 555 1934 &
581 1892 740 1946 singuiis
753 1917 767 1939 ‚
801 1892 959 1933 illorum
975 1902 1137 1933 tenores
1154 1905 1250 1945 prae-

232 1954 406 1999 sentibus
422 1966 496 2008 pro
510 1950 630 2006 plene
655 1951 694 1990 &
724 1948 968 1991 sufficienter
986 1948 1173 2004 expreflis
1191 1950 1255 1991 ha-

232 2013 376 2056 bentes
396 2037 411 2060 ‚
440 2010 522 2052 illis
536 2008 634 2050 alias
663 2009 700 2048 in
719 2008 786 2049 suo
808 2008 952 2049 robore
966 2006 1254 2062 permansuris,

234 2073 310 2114 hac
326 2070 412 2111 vice
427 2068 632 2110 dumtaxat
653 2065 878 2120 specialiter
893 2093 906 2116 ,
932 2067 971 2107 δε
985 2065 1169 2120 expresse
1183 2067 1254 2108 de·

234 2121 1226 2184 rogamus‚caeterifquecontrariisquibuscumque‚

295 2189 444 2228 Datum
461 2186 597 2225 Romae
622 2183 662 2223 in
679 2186 793 2229 rArce
809 2181 999 2225 Gandulfi
1019 2181 1254 2224 Albanenfis

239 2245 375 2288 Dioec.
385 2241 452 2283 sub
463 2239 626 2281 Annulo
638 2238 778 2282 Piscat.
791 2239 859 2281 die
873 2240 1011 2282 v.Maii
1022 2253 1255 2283 mocxxiuv.

239 2296 505 2346 Pontificatus
520 2297 642 2339 nostri
657 2298 776 2338 Anno
790 2296 1004 2339 undecimo
1016 2325 1029 2338 .

782 2414 842 2456 M.
857 2412 907 2455 A.
923 2411 1144 2455 Maraldus.

297 2533 358 2575 Ex
373 2532 490 2575 Arch.
505 2533 646 2572 secret.
670 2535 784 2571 Brev.
803 2527 1102 2585 Apostolicorum
1124 2529 1256 2586 regest.

355 2590 485 2646 mcnst’s
502 2591 549 2637 ὅ·
569 2592 662 2630 anni
674 2588 799 2644 praed.
813 2588 894 2646 fol.
907 2592 1003 2630 218.

947 2726 1258 2743 —·*—-

244 2830 432 2877 Novam
450 2829 655 2874 Domum
683 2822 793 2871 Loci
821 2822 1001 2871 Brontis
1030 2841 1084 2872 ex
1114 2824 1262 2889 pretio

313 2896 506 2947 venditae
535 2896 727 2960 antiquae
755 2891 953 2945 construi
980 2891 1184 2961 indulget
1203 2928 1217 2942 .

289 3016 326 3057 A
344 3021 461 3070 tergo
474 3025 488 3054 z
529 3009 741 3055 Venerabili
767 3012 911 3052 Fratri
933 3009 1222 3068 Archiepiscopo

572 3067 722 3112 Montis
747 3069 904 3123 Regalis
918 3096 930 3108 .

283 3178 714 3236 URBANUS
771 3178 979 3227 PAPA
1033 3178 1229 3227 VIII.

285 3294 515 3341 Venerabilis
544 3297 691 3337 Frater
701 3292 879 3349 filmem
906 3292 954 3339 (ς’
980 3292 1237 3350 Apostolicam

597 3348 895 3393 Benediti'ionem
908 3377 923 3391 .
1030 3381 1034 3385 .

384 3471 499 3525 Uper
518 3481 592 3524 pro
613 3473 732 3523 parte
750 3464 896 3508 Diieeti
915 3465 1004 3508 Filii
1026 3469 1272 3510 Procurato-

250 3469 376 3581 N
412 3531 466 3569 ris
490 3529 530 3568 &
553 3523 814 3569 Commiflarii
842 3524 1054 3568 Generalis
1082 3527 1271 3568 Fratrum

253 3585 422 3626 Ordinis
443 3585 644 3628 Minorum
670 3582 799 3626 Sancti
828 3582 1273 3639 FrancisciCapucino·

255 3656 346 3685 rum
361 3651 679 3698 nuncupatorum
690 3641 815 3684 Nobis
830 3641 1051 3697 expolitum
1068 3639 1273 3697 fuit,quod

253 3700 306 3743 ad
337 3701 502 3755 praesens
531 3715 608 3743 una
639 3713 743 3742 nova
769 3701 925 3742 Domus
954 3701 1170 3756 Regularis
1198 3711 1273 3754 pro

251 3759 416 3802 servitio
431 3761 616 3802 Fratrum
638 3757 814 3815 ejusdem
833 3758 999 3801 Ordinis
1016 3760 1053 3800 in
1071 3761 1203 3800 Terra
1216 3756 1270 3799 de

252 3819 409 3871 Rronte
432 3817 588 3860 Montis
618 3816 785 3875 Regalis
816 3816 1268 3866 Dioecesisexcitatur,

374 3877 480 3922 Toni.
496 3877 570 3920 111.

1315 400 1389 439 pro
1412 400 1486 440 qua
1514 390 1644 427 Domo
1660 384 1857 441 Regulari
1882 385 2127 441 perficienda
2157 302 2332 427 nece5ss‘a-

1314 447 1374 484 ria
1395 445 1449 485 est
1467 443 1620 486 Domus
1640 446 1852 500 Regularis
1873 447 2037 499 antiquae
2061 443 2333 487 eorumdem„

1313 504 1495 544 Fratrum
1528 505 1661 543 Terrae
1693 502 1915 555 hujusmodi
1947 503 2128 544 venditio
2153 527 2167 549 a
2205 512 2250 543 ut
2282 515 2333 544 ex

1311 562 1446 613 pretio
1461 559 1554 601 inde
1568 559 1809 613 redigendo,
1822 561 2017 616 quantum
2033 574 2106 616 pro
2120 560 2231 601 diciae
2248 562 2335 601 Do-

1310 631 1400 659 mus
1417 618 1628 670 Regularis
1652 618 1757 657 nova
1781 619 1927 660 *abrica
1942 633 2042 674 opus
2063 617 2202 664 fuerit,
2216 618 2335 659 desu-

1312 677 1372 714 mi·
1391 676 1501 728 poffit
1526 687 1538 714 :
1573 676 1697 714 Nobis
1724 686 1941 727 propterea
1958 680 2086 718 dictus
2114 679 2331 732 Exponens

1313 731 1521 772 humiliter
1536 728 1744 785 supplicari
1767 729 1891 784 fecit,
1921 745 1963 774 ut
1985 734 2052 775 fibi
2068 734 2119 775 de
2138 746 2336 790 opportu-

1313 803 1362 830 na
1384 788 1606 843 praedictam
1625 790 1800 829 Domum
1816 791 2067 844 Regularem
2092 793 2336 848 antiquam-u

1314 845 1516 887 vendendi
1539 846 1701 886 licentia
1716 871 1730 893 ³
1757 860 1801 887 ac
1825 847 1923 888 alias
1938 875 1951 897 ,
1977 859 2018 888 ut
2040 847 2167 899 infra,
2195 851 2333 905 provi-

1313 904 1411 946 dere
1432 902 1485 945 de
1504 904 1753 958 benignitate
1769 905 1997 959 Apostolica
2014 905 2270 959 dignaremur
2283 936 2296 948 .

1374 965 1457 1003 Nos
1482 961 1608 1014 igitur
1633 960 1821 1002 eumdem
1851 964 2128 1016 Exponentem
2157 964 2336 1019 speciali·

1312 1020 1383 1060 bus
1406 1021 1482 1060 &c-
1511 1019 1726 1069 volentes,
1750 1021 1790 1060 &
1814 1018 1833 1059 ἃ
1863 1020 2062 1074 quibusvis
2077 1023 2150 1063 &c.
2167 1022 2337 1066 censen-

1313 1089 1374 1119 tes
1391 1105 1404 1126 ,
1427 1076 1783 1131 supplicationibus
1801 1076 2022 1134 hujusmodi
2039 1078 2339 1131 inclinat³‚Fra-

1312 1136 1500 1177 ternitaii
1528 1136 1622 1176 Tuae
1649 1149 1719 1189 per
1744 1134 1956 1190 praesentes
1980 1137 2267 1180 committimus
2295 1140 2335 1181 ἅτ

1314 1193 1547 1235 mandamus
1568 1220 1583 1242 ,
1613 1203 1812 1249 quatenus
1839 1194 2009 1237 constito
2032 1195 2124 1237 Tibi
2150 1195 2336 1249 legitime

1314 1252 1368 1294 de
1407 1251 1605 1306 praemiffis
1628 1280 1643 1302 ‚
1682 1252 1859 1306 Syndico
1899 1251 2053 1295 Domus
2083 1253 2298 1309 Regularis
2322 1279 2338 1302 ,

1318 1313 1500 1352 Fratrum
1540 1310 1818 1365 praedistorum
1834 1339 1848 1361 ,
1883 1311 1990 1366 quod
2012 1311 2093 1366 ipse
2113 1314 2330 1354 Domum.»

1317 1369 1564 1423 Regularem
1588 1369 1796 1423 antiquam
1811 1369 2035 1423 praediclam
2051 1370 2177 1411 cuivis
2191 1368 2337 1411 Perso-

1314 1441 1368 1468 nae
1384 1426 1596 1468 meliorem
1618 1427 1893 1470 conditionem
1914 1426 2100 1469 offerenti
2126 1427 2337 1478 vendere,

1312 1486 1352 1525 δι
1377 1499 1427 1526 ex
1444 1485 1578 1539 pretio
1599 1484 1692 1526 inde
1711 1485 1935 1540 redigendo
1948 1515 1963 1536 ,
1977 1495 2169 1541 quantum
2183 1499 2259 1540 pro
2274 1486 2339 1527 di-

1313 1547 1373 1584 &a
1387 1557 1489 1585 nova
1506 1546 1640 1584 Domo
1656 1544 1848 1597 Regulari
1867 1542 2114 1598 perficienda
2129 1558 2229 1598 opus
2247 1542 2337 1586 fue-

1313 1605 1368 1644 rit
1383 1630 1396 1652 ‚
1410 1599 1620 1643 desumere
1634 1629 1647 1651 ‚
1662 1602 1699 1641 &
1714 1601 1763 1642 ad
1781 1603 1883 1643 hunc
1897 1601 2082 1645 effectum
2107 1601 2303 1644 insumere
2321 1628 2337 1649 2

1313 1673 1388 1701 nec
1405 1672 1483 1699 non
1501 1659 1701 1701 Fratribus
1723 1660 1918 1713 praedictis
1933 1685 1948 1707 a
1975 1671 2018 1703 ut
2035 1675 2086 1703 ex
2106 1659 2210 1702 dicta
2232 1660 2339 1701 anti-

1312 1732 1388 1772 qua
1410 1719 1540 1757 Domo
1570 1716 1763 1771 Regulari
1790 1717 1839 1759 ad
1862 1718 2049 1762 eamdem
2071 1731 2221 1760 novam
2251 1721 2339 1759 Do·

1314 1788 1421 1816 muni
1451 1775 1696 1830 Regularem
1721 1774 1976 1832 hujusmodi,
2007 1780 2045 1819 in
2072 1790 2150 1833 qua
2179 1776 2259 1832 jain
2285 1775 2339 1818 ad

1313 1834 1481 1889 praesens
1498 1833 1661 1875 eosdem
1678 1835 1838 1876 Fratres
1855 1835 2006 1888 degere
2021 1833 2223 1885 asseritur,
2240 1849 2340 1889 pau-

1313 1907 1360 1934 ca
1375 1892 1552 1945 quaedam
1570 1893 1868 1946 Religiosorum
1890 1893 1985 1934 dicti
2004 1893 2167 1935 Ordinis
2181 1897 2342 1949 Corpo-

1317 1963 1358 1991 ra
1375 1949 1470 1990 inibi
1497 1950 1653 2004 sepulta
1671 1948 1894 1993 transferre
1908 1979 1923 2002 ‚
1942 1951 2070 1994 libere
2083 1952 2249 1993 &licite
2274 1965 2340 1993 re-

1314 2007 1488 2063 spec‘tive
1506 2007 1646 2063 poffint
1661 2010 1700 2049 &
1715 2009 1890 2060 valeant,
1904 2009 2108 2053 licentiam
2122 2010 2339 2052 auetorita-

1319 2076 1359 2108 te
1385 2066 1512 2108 nostra
1527 2066 1754 2121 Apostolica
1769 2068 1969 2110 concedas
1985 2095 1997 2108 .
2025 2071 2117 2110 Non
2142 2067 2340 2109 obstanti-

1317 2126 1388 2166 bus
1410 2122 1479 2165 fel.
1495 2139 1577 2168 rec.
1597 2124 1708 2167 Pauli
1729 2128 1805 2173 ii„
1819 2127 1859 2166 ὅτ.
1873 2126 2046 2169 aliorum
2060 2128 2340 2169 Romanorum

1317 2181 1562 2225 Pontificum
1590 2183 1923 2226 Praedecefforum
1942 2184 2178 2227 Nostrorum
2206 2183 2259 2226 de
2275 2198 2342 2226 re-

1316 2242 1387 2282 bus
1405 2241 1590 2282 Ecciefiae
1614 2255 1693 2283 non
1720 2242 1942 2284 alienandis
1958 2272 1974 2293 ,
1998 2242 2163 2298 aliisque
2183 2243 2342 2285 Consti—

1315 2298 1542 2340 tutionibus
1556 2301 1592 2340 &
1607 2299 1940 2343 Ordinationibus
1956 2299 2194 2356 Apostolicis
2209 2327 2223 2350 ,
2254 2311 2342 2343 σοι·

1318 2356 1493 2411 terisque
1519 2357 1732 2399 contrariis
1763 2358 2104 2413 quibuscumque.
2137 2358 2338 2400 Volumus

1318 2425 1454 2456 autem
1469 2441 1483 2464 ‚
1507 2414 1615 2470 quod
1631 2417 1807 2468 pecuniae
1828 2430 1876 2458 ex
1894 2414 2119 2469 hujusmodi
2136 2415 2358 2471 venditio--

1317 2486 1370 2514 ne
1397 2474 1682 2526 provenientes
1706 2473 1824 2514 unico
1844 2481 2040 2515 contextu
2056 2474 2095 2514 in
2113 2474 2339 2527 praedietam

1316 2528 1508 2572 fabricam
1524 2531 1711 2572 converti
1726 2530 1918 2584 incipiant
1931 2559 1947 2580 ,
1976 2530 2042 2573 vel
2061 2530 2198 2572 saltem
2212 2544 2340 2586 penes

1318 2591 1504 2630 Montem
1531 2589 1729 2638 Pietatis,
1753 2590 1820 2631 vel
1843 2588 2054 2644 personam
2076 2587 2156 2630 fide
2173 2618 2186 2640 ,
2213 2591 2249 2631 &
2277 2589 2338 2631 sa-

1318 2646 1536 2689 cultatibus
1562 2647 1746 2690 idoneam
1762 2648 2015 2702 deponantur
2030 2677 2045 2698 ,
2060 2647 2204 2690 exinde
2221 2662 2338 2690 nom,

1316 2706 1546 2747 amovendae
1560 2733 1574 2756 ‚
1602 2703 1671 2746 nifi
1686 2706 1734 2747 ad
1752 2705 1934 2748 effectum
1949 2705 2038 2748 illas
2054 2716 2136 2754 ,ut
2152 2708 2311 2762 petitur
2323 2736 2340 2759 ‚

1319 2763 1585 2805 convertendi
1602 2791 1614 2803 .

1380 2823 1530 2866 Datum
1558 2823 1694 2862 Romae
1717 2818 1819 2875 apud
1844 2823 1886 2863 S.
1906 2822 2069 2865 Petrum
2092 2822 2160 2865 sub
2177 2823 2343 2866 Annulo

1321 2877 1532 2920 Piscatoris
1559 2878 1626 2919 die
1651 2891 1742 2918 xxx.
1769 2878 1903 2920 Martii
1929 2894 2095 2924 ivincxi..
2122 2880 2340 2926 Pontifica-

1322 2947 1386 2980 tus
1404 2937 1534 2981 Nostri
1551 2939 1671 2979 Anno
1686 2935 1848 2979 decimo
1872 2935 2042 2992 septimo
2056 2966 2070 2982 .

1854 3111 1915 3152 Μ.
1930 3110 1982 3151 Α.
1997 3110 2199 3154 Maraldus
2213 3139 2226 3154 .

1385 3291 1443 3331 Ex
1458 3286 1579 3329 Arch.
1603 3289 1743 3329 secret.
1768 3290 1885 3325 Brev-
1903 3284 2034 3341 qust.
2049 3285 2202 3345 Regisso
2226 3285 2346 3345 mens:

1444 3346 1492 3395 (ς
1514 3349 1608 3389 anm·
1625 3343 1754 3402 prad.
1767 3343 1849 3402 fol.
1867 3353 1905 3396 ι,

1655 3872 1692 3914 A
1723 3884 1747 3913 a
2202 3870 2294 3913 Offa
