2664 4114
974 246 1627 365 Hydruntinu.
2108 272 2263 356 123

220 361 458 409 Summitatem
482 366 602 406 horum
621 363 918 416 Reliquiariorum
938 374 1110 402 exornant
1136 364 1266 401 Cruces
1285 364 1360 402 duae
1373 388 1386 409 ‚
1405 377 1552 414 quarum
1575 364 1718 404 cuilibet
1743 371 1891 414 quatuor
1913 360 2141 412 inclusaesunt
2167 363 2237 399 SS.
2255 360 2326 398 Re·

220 417 248 454 Ι·
295 418 335 454 iae
351 424 374 454 ι’
416 437 419 440 ·

234 426 293 467 'qu
320 466 420 504 Crux
445 466 589 515 ejusdem
609 478 684 503 cum
695 464 792 500 difiis
807 460 1038 509 Reliquiariis
1061 459 1262 498 altitudinIs
1285 473 1361 499 cum
1374 461 1546 500 oflodecim
1555 463 1730 512 Reliquiis
1740 488 1752 509 ,
1771 464 1810 499 in
1826 461 1924 512 cujus
1942 460 2048 497 medio
2062 459 2206 497 videtur
2229 458 2329 495 theca

224 525 268 552 ex
277 525 421 564 argento
441 527 516 551 eum
525 514 699 562 particula
713 514 818 559 Ligni
833 509 1042 558 Sanffiiffimae
1054 510 1179 548 Crucis
1192 537 1201 546 .

248 610 264 647 Ι
318 564 398 602 Duo
418 563 490 599 alia
506 562 723 612 Reliquiaria
746 561 786 596 in
801 559 915 608 forma
929 558 1072 608 Capellae
1093 571 1134 597 ex
1150 559 1244 608 ligno
1254 572 1358 599 nuceo
1377 585 1389 604 ,
1410 571 1556 610 quorum
1569 560 1743 608 quodlibet
1755 570 1827 597 tres
1847 560 1889 599 S.
1899 556 2081 608 Reliquias
2094 556 2261 606 insignes,
2284 554 2329 601 &ff

227 623 247 648 α
261 612 314 649 ias
325 613 411 648 duas
442 624 548 649 arvas
560 612 712 649 continet
723 633 734 645 .

317 661 398 699 Duo
413 621 635 709 lsseliqniaria
648 669 723 694 cum
735 653 898 693 columnis
912 666 953 692 ex
963 657 1060 695 ebore
1071 681 1084 701 ‚
1102 668 1247 705 quorum
1260 658 1435 706 quodlibet
1446 667 1518 694 tres
1544 657 1586 695 S.
1597 657 1770 694 concludit
1782 656 1966 704 Reliquias
1977 682 1988 693 .

317 709 419 747 ‘Alia
432 709 498 745 duo
508 707 731 756 Reliquiaria
741 717 816 742 cum
831 705 993 741 columnis
1016 718 1057 744 ex
1072 706 1178 742 ebano
1190 730 1202 748 ,
1225 718 1371 753 quorum
1382 705 1525 742 cuilibet
1541 706 1771 742 novemdecim
1790 705 1831 741 S.
1845 704 2016 752 Reliquiae
2030 702 2232 757 inexistunt.

234 774 244 779 ·
314 758 396 795 Duo
410 755 482 793 alia
497 759 537 793 in
541 757 655 805 forma
665 753 806 802 Capella.
821 754 971 802 inferius
985 763 1104 803 aperta
1119 778 1128 792 ‚
1150 754 1327 790 duodecim
1353 755 1393 791 S.
1403 752 1581 800 Reliquiis
1597 754 1740 790 cuilibet
1759 752 1917 800 insertis.

319 807 401 845 Duo
412 805 488 842 alia
497 803 624 854 stmilia
637 804 676 838 in
687 803 818 850 quadro
830 815 906 839 cum
926 802 1216 851 vigintiquinque
1244 802 1284 838 S.
1298 797 1478 849 Reliquiis
1490 800 1634 839 cuilibet
1647 799 1779 847 inclusis
1792 825 1801 834 .

317 855 398 893 Duo
419 854 490 890 alia
497 852 622 898 similia
642 862 718 888 cum
741 850 848 888 colore
865 853 980 888 viridi
993 850 1142 890 interius
1160 874 1172 894 ‚
1194 861 1337 900 quorum
1351 849 1525 899 quodlibet
1552 860 1605 885 12.
1628 851 1670 888 S.
1686 847 1868 896 Reliquias
1882 849 2134 897 complefflitur.

315 903 396 941 Duo
406 902 477 939 alia
487 913 563 938 cum
596 899 715 937 edibus
725 911 767 936 ex
781 901 879 937 ebore
891 925 903 943 ‚
930 901 968 935 in
982 910 1124 947 quorum
1140 898 1289 948 quolibet
1307 898 1484 936 duodecim
1507 897 1548 934 S.
1561 897 1733 947 Reliquiae
1754 906 1985 934 numerantur
1999 922 2011 933 .

315 949 410 988 Alia
419 949 486 987 duo
499 950 555 999 eju
571 950 645 987 dem
657 948 778 997 forma·
793 961 869 986 cum
879 948 1036 986 tabulato
1058 949 1157 984 aurei
1175 945 1295 983 coloris
1308 972 1320 991 ‚
1341 947 1384 989 ὼ·
1401 960 1458 985 21.
1472 945 1647 995 Reliquiis
1661 944 1803 983 cuilibet
1817 944 1951 993 acclufis
1965 969 1976 980 .

317 999 405 1038 Alia
427 999 494 1036 duo
508 999 652 1049 ejusdem
660 997 780 1046 formu
789 1022 802 1042 ,
827 999 866 1034 in
880 1009 1024 1046 quorum
1035 997 1142 1034 medio
1160 996 1250 1033 Cera
1262 995 1414 1045 “Papalis
1424 1020 1437 1039 ,
1464 1006 1565 1046 quam
1579 996 1618 1030 in
1632 993 1782 1043 quolibet
1793 993 1858 1042 sex
1870 992 2040 1043 Reliquiae
2058 996 2206 1045 cingunt
2221 1020 2234 1033 .

278 1068 280 1070 v
316 1046 576 1097 Reliquiarium
602 1046 648 1083 ad
664 1046 813 1094 formam
830 1045 973 1095 Capellae
989 1045 1120 1084 viridis
1139 1043 1260 1082 coloris
1270 1068 1285 1088 ,
1310 1045 1493 1081 miniatum
1506 1054 1548 1081 ex
1561 1055 1646 1081 auro
1670 1053 1747 1080 cum
1769 1051 1896 1079 ornatu
1905 1042 2020 1092 serico
2044 1045 2150 1082 rubro
2165 1070 2179 1090 ‚
2202 1047 2242 1082 in
2259 1052 2326 1091 quo

224 1097 381 1139 madetim
406 1098 446 1134 S.
457 1094 629 1145 Reliquiae
648 1105 841 1133 cernuntur
852 1122 861 1131 .

318 1144 577 1195 Reliquiarium
591 1156 666 1182 cum
677 1143 811 1180 duabus
816 1142 947 1191 figuris
958 1143 1131 1191 argenteis
1146 1166 1159 1185 ‚
1185 1152 1260 1178 cum
1268 1141 1413 1190 pedibus
1426 1142 1604 1179 inauratis
1615 1165 1629 1185 ‚
1652 1141 1696 1184 ὼ·
1704 1139 1819 1178 tribus
1841 1139 1884 1177 S.
1895 1137 2072 1187 Reliquiis
2084 1140 2220 1188 inclusis
2231 1165 2242 1176 .

321 1195 485 1246 Qtuor
499 1195 623 1239 Agnus
638 1191 706 1229 Dei
731 1203 806 1228 cum
821 1192 912 1229 Cera
926 1190 1060 1240 Papali
1080 1193 1120 1227 ln
1131 1189 1239 1227 medio
1252 1214 1267 1234 ,
1290 1191 1329 1226 in
1354 1201 1498 1242 quorum
1525 1191 1662 1237 duobus,
1677 1189 1864 1241 maioribus
1888 1188 2073 1238 duodecim,
2085 1214 2099 1234 ‚
2132 1190 2176 1234 ὠ·
2195 1191 2234 1226 in
2253 1186 2337 1234 duo:

222 1245 289 1281 bus
309 1243 497 1280 minoribus
530 1241 595 1277 ofiio
618 1249 848 1276 numerantur
860 1237 1053 1287 Reliquiae.

318 1289 517 1328 Crucifixus
538 1300 614 1326 cum
626 1287 749 1326 Monte
763 1286 932 1325 Calvario
943 1299 985 1324 ex
994 1297 1138 1337 argento
1149 1314 1163 1333 ‚
1189 1298 1266 1323 cum
1277 1288 1422 1338 Angelis
1432 1313 1445 1332 ‚
1466 1287 1640 1338 Mysteriis
1648 1288 1723 1332 ὅγε.

316 1338 518 1376 Crucifixus
541 1347 582 1374 ex
603 1347 688 1373 auro
705 1337 822 1374 obrizo
842 1347 917 1373 cum
926 1337 1053 1388 statuis
1064 1362 1078 1382 ,
1102 1348 1143 1376 ex
1157 1336 1355 1375 aurichalco
1375 1339 1575 1377 inauratis.

315 1387 515 1424 crucifixus
537 1395 579 1422 ex
590 1394 731 1432 argento
740 1384 816 1432 fino
830 1410 841 1421 .

219 1485 245 1524 d
313 1436 417 1522 ἕπον
408 1439 529 1480 Agnus
545 1434 621 1518 De}
635 1443 676 1518 {x
699 1433 796 1471 ebore
811 1442 949 1484 parva,
974 1447 1117 1485 quorum
1132 1447 1238 1473 unum
1252 1434 1372 1475 Velum
1395 1436 1440 1473 B.
1453 1433 1498 1474 V.
1516 1435 1570 1475 M.
1582 1461 1597 1482 ‚
1622 1436 1667 1479 ὠ·
1678 1435 1826 1473 alterum
1830 1432 2040 1485 particulam
2052 1433 2094 1472 de
2105 1434 2237 1485 indusio
2250 1430 2337 1482 ejus-

243 1497 293 1524 em
357 1509 367 1520 .
414 1485 448 1520 ir
472 1484 542 1520 inis
557 1494 597 1521 ex
622 1483 636 1518 i
658 1491 720 1519 et.

233 1548 239 1555 ·
317 1497 527 1578 AgnusgDei
541 1541 680 1570 ovatum
700 1543 776 1569 cum
789 1544 869 1570 cera
883 1532 1007 1582 Papali
1027 1534 1067 1569 in
1080 1534 1189 1572 medio
1202 1559 1216 1579 ‚
1240 1535 1283 1577 &⁶
1292 1536 1332 1572 in
1347 1533 1419 1584 ejus
1430 1534 1583 1573 circuitu
1597 1544 1656 1571 20.
1668 1531 1841 1582 Reliquiae
1850 1560 1863 1573 .

318 1581 449 1632 Cistula
469 1592 510 1619 ex
522 1581 627 1618 ebano
641 1590 715 1617 cum
731 1580 909 1630 Reliquiis
922 1583 1141 1620 accomodatis
1155 1607 1165 1619 .

316 1633 440 1671 Decem
460 1630 598 1678 Integra
612 1630 740 1678 Capita
754 1628 858 1678 Virg.
872 1631 1073 1678 Martyrum
1083 1643 1125 1669 ex
1138 1633 1165 1670 S
1167 1635 1310 1671 ocietate
1335 1633 1364 1670 S
1367 1630 1530 1680 .vrsulae,
1542 1632 1586 1673 ὼ·
1597 1640 1746 1679 quatuor
1757 1629 1830 1666 alia
1843 1631 1886 1668 de
1905 1631 2018 1669 Sociis
2035 1630 2076 1668 S.
2092 1629 2265 1667 Mauritii
2281 1628 2340 1667 ,M-

318 1677 542 1718 Pulvinaria
555 1702 567 1722 ‚
603 1689 644 1714 eu
664 1678 806 1725 pulvini
819 1679 888 1714 duo
909 1681 1026 1729 magni
1050 1693 1115 1718 acu
1131 1683 1276 1732 phrygio
1291 1681 1407 1723 ornati
1424 1692 1499 1721 cum
1510 1680 1644 1718 duabus
1659 1678 1838 1728 Reliquiis
1864 1680 2056 1733 infignibus
2069 1702 2082 1723 ,
2104 1690 2251 1726 quarum
2267 1689 2339 1715 una

219 1731 264 1783 est
286 1731 327 1768 de
351 1730 462 1767 Sociis
487 1729 526 1765 S.
604 1726 709 1762 uritii
723 1750 736 1770 ,
760 1727 803 1768 ὠ·
818 1725 889 1763 alia
910 1729 951 1765 S.
967 1728 1120 1776 vrsulae.

279 1780 398 1866 RDzo
417 1775 558 1827 pulvini
590 1773 661 1812 albi
685 1774 804 1815 coloris
829 1799 842 1822 ,
865 1776 905 1812 in
929 1787 1072 1829 quorum
1096 1790 1165 1818 uno
1191 1777 1358 1829 Reliquia
1380 1777 1423 1815 de
1439 1778 1482 1816 S.
1495 1776 1669 1828 Stephano
1691 1776 1844 1820 Protom·
1859 1778 1932 1829 ,ῤ’
1953 1777 1997 1814 in
2021 1775 2088 1817 alio
2107 1774 2274 1826 Reliquia
2296 1774 2339 1812 de

223 1830 267 1870 S.
317 1841 352 1866 oc
376 1838 393 1862 o
420 1839 480 1864 con
517 1827 646 1864 icitur.

231 1909 235 1912 .
316 1826 634 1917 Pulvinu'sspcoloris
656 1876 840 1914 citrinarii
855 1872 929 1914 cum
944 1875 1111 1926 Reliquia
1137 1879 1178 1916 S.
1199 1877 1307 1925 Eligii
1322 1903 1333 1915 .

317 1922 440 1963 ‹Alim
454 1934 528 1959 cum
538 1921 705 1971 Reliquia
730 1925 770 1960 S.
781 1925 976 1967 Zacharia,
993 1926 1113 1962 Patris
1143 1928 1183 1964 S.
1196 1925 1351 1975 'fl'oannis
1364 1924 1531 1975 ‘Baptistae
1542 1951 1554 1964 .

232 1974 273 2009 Ιχ
316 1971 440 2011 ‘Alius
463 1982 539 2008 cum
554 1969 719 2019 Reliquia
744 1973 784 2008 S.
799 1973 987 2010 Laurentii
1000 1975 1050 2010 M.
1074 1976 1216 2011 Levitae.

317 2019 441 2059 ‘Alius
466 2031 542 2056 cum
566 2019 659 2069 costis
672 2018 819 2069 ejusdem
843 2023 885 2058 S.
900 2022 1112 2066 Laurentii,
1137 2023 1180 2065 ὠ·
1198 2023 1269 2059 alia
1282 2021 1450 2071 Reliquia
1463 2023 1643 2074 incognita

317 2068 442 2107 oAlius
455 2079 533 2104 cum
550 2068 686 2105 duabus
701 2067 874 2117 Reliquiis
901 2070 944 2106 de
967 2072 1007 2107 S.
1022 2069 1201 2120 Januario
1216 2097 1231 2115 ,
1253 2072 1297 2115 ἐγ
1319 2069 1433 2113 S.N.

316 2117 415 2156 ‹Atii
443 2117 509 2154 duo
532 2127 607 2152 cum
637 2116 856 2166 2.Reliquiis
869 2120 1078 2167 incognitis.

318 2166 428 2206 Alius
444 2177 520 2202 cum
539 2164 679 2202 maxilla
705 2167 743 2203 S.
757 2167 909 2215 Agapiti
924 2191 934 2203 .

338 2234 342 2240 ·
416 2215 551 2251 Omnes
581 2214 633 2250 isti
655 2214 791 2260 pulvini
817 2217 896 2251 sum
919 2227 966 2252 ex
992 2218 1132 2255 materia
1160 2219 1340 2258 cremifina
1353 2244 1365 2257 .

363 2276 387 2301 u
409 2273 488 2301 tuor
503 2261 566 2317 alii
591 2271 632 2297 ex
650 2262 789 2309 serico,
813 2264 988 2301 cataluffa
1012 2277 1130 2303 vocato
1156 2279 1231 2304 eum
1251 2268 1466 2316 diversorum
1488 2268 1691 2307 Sannorum
1701 2267 1905 2318 Reliquiis.¹

324 2315 422 2352 Dens
434 2310 571 2345 molaris
595 2309 635 2344 S.
648 2308 836 2356 Apollonia
863 2309 901 2347 V
897 2336 907 2346 .
925 2313 1099 2361 Martyris
1124 2315 1164 2349 in
1188 2316 1281 2362 apice
1300 2316 1403 2366 floris
1427 2314 1606 2354 collocatus
1623 2345 1632 2355 .

282 2409 306 2419 ..
325 2362 426 2458 ‘1212'ae
447 2359 587 2454 Jmtcutae
605 2364 725 2404 parvae
738 2380 751 2401 ‚
774 2370 921 2406 quarum
945 2371 1016 2396 una
1041 2362 1081 2399 S.
1098 2362 1310 2410 Stephanum
1328 2388 1342 2408 ,
1380 2365 1423 2406 ὼ·
1448 2364 1560 2402 altera
1584 2367 1626 2404 S.
1648 2366 1880 2404 Laurentium
1894 2389 1909 2411 ‚
1934 2376 2011 2403 cum
2033 2362 2219 2415 cujuslibet
2242 2364 2344 2404 Reli-¹

228 2422 324 2459 quus
349 2421 386 2446 re
410 2418 454 2444 ra·
469 2418 510 2442 en
528 2418 548 2441 a
577 2428 588 2439 .

332 2454 513 2497 Craticula
536 2465 578 2491 ex
590 2464 732 2501 argento
753 2467 829 2493 cum
839 2456 933 2503 ferro
950 2483 962 2500 ‚
977 2457 1042 2506 seu
1059 2457 1158 2494 radio
1181 2458 1357 2497 eraticula
1381 2461 1421 2499 S.
1437 2462 1624 2499 Laurentii
1644 2474 1720 2500 cum
1735 2469 1886 2510 quatuor
1898 2462 2104 2499 carbonibus
2115 2485 2129 2507 ,
2142 2462 2280 2500 humore
2299 2471 2343 2500 ex

232 2515 370 2556 corpore
396 2507 435 2543 S.
447 2503 577 2541 Levita
593 2502 729 2552 fluente
753 2505 934 2542 extinffis.

328 2553 399 2593 Vas
424 2563 465 2590 ex
489 2561 630 2599 argento
646 2551 851 2590 deauratum
876 2566 951 2591 cum
967 2554 1141 2604 chrystallo
1152 2556 1284 2593 intexto
1302 2580 1314 2600 ,
1337 2560 1376 2592 in
1389 2568 1454 2605 quo
1466 2556 1598 2604 digitus
1622 2559 1665 2595 S.
1679 2557 1861 2608 Athanasy
1875 2557 2047 2606 servatur
2063 2579 2078 2593 .

329 2604 424 2642 Crux
451 2612 493 2638 ex
514 2601 606 2646 ligno
615 2611 731 2657 ‘nuceo
735 2601 810 2657 fino
839 2614 914 2638 cum
927 2603 1050 2640 Guttis
1066 2629 1078 2647 ‚
1095 2605 1159 2652 seu
1180 2605 1314 2642 Granis
1331 2604 1531 2654 Sanfieffimi
1544 2607 1738 2654 Sanguinis
1762 2606 1850 2655 “Jesu
1868 2606 1996 2657 Christi
2007 2630 2021 2652 ‚
2046 2608 2090 2655 ὼ·
2103 2605 2283 2657 particula
2301 2606 2344 2644 de

232 2652 343 2701 Ligno
369 2650 499 2688 Sanfiae
516 2649 661 2686 Crucm
686 2661 724 2684 m
737 2661 836 2698 cujus
847 2651 931 2699 pede
958 2652 1101 2688 videtur
1116 2653 1270 2700 Sanguis
1295 2663 1336 2689 ex
1350 2653 1581 2701 stigmatibus
1607 2655 1700 2693 S.P-
1722 2654 1899 2702 Francisei

232 2758 271 2787 m
286 2698 768 2796 Rffi‘eiziqgingtltzismagnum
787 2710 863 2736 cum
886 2711 920 2736 z.
929 2699 1117 2747 porticellis
1126 2725 1139 2744 ,
1162 2701 1205 2743 (ἔγ
1215 2700 1345 2749 figuris
1359 2701 1521 2751 Faffionis
1535 2702 1582 2740 D.
1596 2700 1652 2741 N.
1668 2702 1710 2753 J.
1727 2703 1879 2755 Christi,
1904 2705 1948 2748 (θ’
1959 2713 2097 2742 centum
2107 2705 2343 2754 quinquagin-

330 2798 430 2836 Crux
440 2805 552 2844 parva
569 2790 742 2849 fuligno,
768 2796 809 2831 S.
819 2794 952 2832 ‘Patris
978 2796 1063 2833 dieto
1077 2823 1088 2839 ,
1114 2797 1153 2832 in
1177 2797 1276 2846 cujus
1293 2809 1363 2835 una
1383 2806 1484 2847 parte
1510 2800 1734 2837 continentur
1759 2799 1934 2841 octodecim
1953 2803 1995 2842 S.
2014 2801 2210 2853 Reliquiae,
2238 2802 2282 2844 &¹
2302 2808 2346 2839 ex

238 2847 311 2886 alia
329 2854 431 2894 parte
450 2841 576 2890 Christi
601 2841 798 2896 Salvatoris
822 2842 954 2891 Imago.
1954 2890 1958 2894 .

332 2896 415 2929 Haec
443 2890 652 2945 probabiljus
677 2889 735 2925 illa
748 2892 849 2927 Crux
862 2893 910 2928 est
925 2916 939 2936 ‚
964 2905 1066 2940 quam
1077 2893 1167 2930 Ven.
1183 2895 1252 2931 Dei
1265 2897 1393 2933 Servus
1407 2894 1609 2932 Laurentius
1633 2905 1712 2933 ante
1732 2897 1852 2944 pectus
1864 2922 1878 2944 ,
1901 2911 1965 2936 ceu
1992 2899 2122 2938 scutum
2141 2900 2259 2937 salmis
2272 2921 2286 2942 ‚
2309 2898 2346 2934 &

233 2942 432 2983 memoriale
461 2940 620 2976 Paffioms
638 2939 826 2975 Dominicae
852 2941 983 2986 gestare
1008 2942 1159 2984 solebat,
1184 2950 1357 2990 acceptam
1380 2943 1424 2978 ab
1447 2942 1589 2979 altefato
1605 2946 1704 2981 Duce
1728 2957 1805 2981 cum
1828 2947 2029 2986 conditione
2047 2973 2060 2993 ‚
2087 2962 2125 2985 ut
2152 2951 2245 2985 illam
2269 2956 2346 2982 ante

232 2994 327 3030 suum
349 2994 368 3028 ὃ
397 2990 466 3025 vita
483 2985 656 3024 disceffum
675 2986 710 3022 in
725 2987 872 3024 Ecclefia
895 2990 1097 3025 Monasterii
1115 2990 1322 3027 Monialium
1335 2992 1591 3037 Capucinarum
1621 2993 1800 3029 Brundusii
1825 2996 1990 3032 collocari
2009 2998 2222 3045 disponere-tr
2247 2994 2347 3042 quod

234 3042 271 3078 ἃ
301 3039 426 3076 foetum
447 3036 494 3073 est
520 3036 579 3081 pio
608 3036 737 3070 honore
762 3058 775 3079 ‚
805 3048 892 3073 cum>
909 3037 1194 3086 Archiepiscopus
1232 3040 1473 3075 Pontificaliser
1496 3039 1637 3076 indutus
1670 3054 1746 3078 cum
1770 3042 1877 3078 Clero
1901 3067 1915 3088 ‚
1949 3045 1984 3080 δι
2014 3048 2148 3092 populo
2171 3056 2244 3080 eam
2266 3054 2346 3079 cum

237 3091 311 3126 aliis
332 3091 370 3126 S.
384 3084 556 3133 Reliquiis
576 3095 640 3120 ceu
658 3083 924 3130 pretiofiffimam
932 3085 1148 3124 Venerabilis
1165 3086 1212 3121 sui
1225 3087 1395 3125 Concivis
1409 3088 1636 3125 haereditatem
1656 3088 1936 3136 proceffionaliter
1947 3093 2049 3141 (utin
2065 3094 2137 3129 vita
2152 3092 2344 3128 mauren-

237 3137 279 3174 tii
298 3134 447 3172 sol.mihi
464 3143 544 3180 292.
569 3134 684 3179 legere
700 3132 775 3175 est)
799 3135 842 3169 ad
856 3133 978 3169 dietam
995 3134 1176 3171 Ecclefiam
1202 3136 1406 3172 transtulerit
1418 3160 1430 3172 .

337 3181 556 3220 Conservam
583 3181 624 3216 de
647 3190 775 3217 coetero
803 3182 976 3219 Moniales
1006 3183 1040 3218 &
1064 3183 1131 3219 alia
1157 3185 1194 3220 S.
1213 3183 1333 3229 Spolia
1359 3184 1402 3220 de
1429 3186 1513 3220 Ven.
1538 3185 1607 3222 Dei
1621 3186 1757 3230 Servo,
1789 3185 1934 3237 suntque
1958 3188 2076 3237 portio
2088 3189 2242 3235 cordis,
2261 3186 2345 3223 Bre-

240 3231 413 3275 vinium,
439 3229 583 3277 epistola
597 3228 737 3276 propria
760 3229 853 3267 illius
877 3242 978 3266 manu
994 3230 1099 3268 Matri
1113 3231 1300 3269 Abbatiffae
1323 3232 1483 3281 inscripta
1500 3235 1644 3271 &c-&c.

342 3329 447 3365 Error
458 3326 535 3363 dein
556 3326 795 3363 nonnullorum
820 3327 867 3365 est
881 3351 895 3372 ‚
921 3329 1178 3367 dumMoniales
1197 3330 1258 3366 bas
1270 3328 1415 3376 primum
1440 3328 1502 3365 sub
1519 3331 1616 3367 Pauli
1634 3331 1751 3368 PRV.
1768 3333 1975 3371 Pontificatu
1988 3334 2166 3374 Brundusii
2179 3338 2348 3377 institutas

238 3379 335 3417 sume
350 3375 616 3422 opinamunjam
625 3375 712 3410 enirn
725 3388 834 3412 annor
845 3387 906 3422 571
917 3404 926 3413 .
941 3379 1053 3415 tub-8<
1064 3383 1084 3414 α’
1102 3377 1464 3425 ΓυρηᾶίξιοΑοιίίὶῐιε
1481 3379 1690 3415 Bernardino
1702 3379 1916 3427 defigueora
1929 3381 2087 3430 Hispano
2097 3384 2144 3422 ibi
2162 3388 2322 3427 inductas
2335 3414 2350 3435 ,

239 3430 276 3466 &
301 3426 454 3464 fundatas
481 3423 578 3460 fuiffe
593 3423 765 3468 Ugbellus
790 3427 1024 3472 tom.9.ltaliae
1048 3429 1156 3464 Sacrae
1182 3429 1262 3462 edit.
1285 3437 1383 3461 novae
1402 3425 1461 3460 fol.
1485 3426 1636 3475 mihi43.
1658 3428 1748 3464 clare
1773 3429 1950 3474 perhibet,
1982 3435 2182 3482 eruiturque
2204 3439 2349 3474 convin.

239 3487 355 3514 center
376 3484 421 3509 ex
441 3472 584 3519 epistola
607 3473 646 3507 S.
660 3472 946 3517 Congregationis
972 3475 1076 3521 Episc.
1090 3499 1103 3518 ‚
1117 3475 1150 3511 &
1167 3475 1301 3519 Regul.
1315 3476 1385 3520 qua
1402 3474 1671 3523 Arcbiepiscopo
1693 3477 1734 3512 de
1754 3479 1970 3517 translatione
1987 3483 2180 3519 earumdem
2206 3486 2349 3523 Monia-

242 3525 331 3562 llum
354 3521 544 3567 deantiquo
557 3521 599 3556 ad
612 3531 741 3555 novum
758 3521 1002 3558 Monasterium
1017 3523 1187 3570 sequentia
1197 3523 1290 3560 fuere
1306 3522 1516 3567 praescriptat

340 3570 491 3618 Longius
507 3569 546 3603 in
571 3569 608 3605 S.
624 3568 897 3616 Congregatione
919 3570 1078 3617 puni-lium
1105 3571 1147 3607 de
1170 3569 1400 3608 translatione
1413 3569 1551 3618 istarum
1564 3570 1775 3609 Monialiuna
1794 3573 2054 3618 Caput-§narum
2078 3580 2125 3616 ad
2136 3593 2262 3620 novum
2272 3584 2349 3622 Mo.

244 3619 426 3668 naslerium
452 3617 474 3653 ὰ
485 3615 696 3665 Sereniffimo
711 3618 821 3654 ‘Duce
835 3618 997 3656 Bavariae
1012 3628 1075 3668 pro
1089 3618 1230 3656 illarum
1243 3617 1405 3655 commodo
1421 3617 1639 3702 εοέμνιιδῖιιπι
1650 3645 1660 3660 ,
1674 3620 1752 3668 fuit
1762 3621 1940 3673 dist-'affara
1956 3647 1970 3668 2
1994 3627 2037 3668 ὼ·
2052 3627 2256 3680 Illustrtffimi
2267 3633 2352 3668 ‘Do-

242 3669 332 3705 mini
353 3666 419 3703 mei
432 3664 578 3713 Amplit.
594 3665 676 3702 Tuae
690 3666 802 3714 scribi
823 3664 996 3716 jufferunt
1009 3691 1023 3711 ,
1045 3680 1088 3705 ne
1114 3668 1231 3705 tardet
1244 3665 1435 3715 transferre
1481 3665 1562 3702 iiius
1576 3667 1745 3705 Moniales
1759 3671 1805 3706 ad
1817 3682 2037 3711 memoratum
2051 3675 2159 3714 locum
2173 3680 2256 3715 novi
2269 3680 2350 3716 Mo·

250 3715 414 3765 nostem,
441 3725 509 3749 non
534 3713 680 3764 obstante
693 3739 707 3758 ,
731 3714 820 3762 quod
842 3726 960 3752 earum
987 3726 1057 3753 tres
1080 3715 1139 3753 vel
1146 3725 1293 3764 quatuor
1307 3713 1540 3751 reluctentur.
1565 3716 1710 3764 Agatur
1732 3718 1840 3766 primo
1869 3732 1945 3757 cum
1968 3722 2021 3759 his
2026 3723 2192 3772 suaviter
2206 3751 2218 3768 ,
2243 3726 2286 3766 &⁴
2308 3727 2349 3761 in

245 3761 528 3812 mansuetudine,
573 3772 719 3800 uatenus
742 3763 787 3798 ad
810 3761 893 3799 illuc
909 3763 1106 3801 voluntarie
1127 3764 1275 3800 eundum
1298 3762 1503 3799 alliciantur
1516 3775 1530 3803 3
1547 3762 1580 3811 fi
1600 3773 1714 3801 tamen
1726 3766 1837 3802 adhuc
1851 3768 1890 3803 in
1904 3772 2101 3817 pertinacia
2118 3773 2349 3822 perfisterent,

247 3819 437 3862 exequatur
452 3810 598 3859 Amp‘it.
619 3809 696 3848 Tua
714 3811 831 3851 Sacra
847 3812 1133 3862 Congregationis
1147 3813 1299 3850 ordinem
1312 3810 1446 3849 meliore
1457 3810 1550 3849 modo
1567 3834 1580 3852 ‚
1605 3812 1804 3863 &majore,
1829 3817 1899 3864 quei
1908 3820 2040 3867 poterit
2051 3844 2065 3865 ‚
2081 3819 2252 3858 decentia.

340 3860 433 3898 Tom.
448 3857 511 3895 111.
1532 3859 1615 3909 Qz
2198 3870 2304 3909 Cum.
