2664 4114
1162 198 1701 290 Provincia

1202 377 1447 448 Beatiffi'me
1482 382 1652 434 Pater.
1999 340 2001 342 Ι
2115 355 2129 408 s

416 234 540 319 '40

471 500 657 542 Antonius
683 494 885 538 ι«θῑᾶανὶεἱῐα
898 520 912 541 ,
938 494 1050 551 ditius
1075 497 1119 536 P.
1145 495 1190 535 P.
1213 498 1471 547 Capacinorum
1498 501 1673 540 Civitatis
1702 500 1964 538 ‘Beneventauae
1988 495 2164 547 Syndicus
2191 499 2430 553 Apostolicus,
2459 494 2516 542 ssu

374 550 499 604 Vestrae
521 550 692 589 humiliter
720 548 858 596 exponit
875 573 883 585 .
904 548 1057 596 qualiter
1081 558 1171 584 anno
1202 549 1305 595 1683.
1326 550 1526 587 Catharina
1548 550 1715 588 Cornoldi
1737 550 1841 588 titulo
1868 549 1992 597 Legati
2013 549 2066 597 pii
2092 547 2188 587 PP.
2218 552 2406 599 Capua-inis
2437 564 2500 588 an-

370 615 456 640 nuos
485 602 638 639 Ducatos
671 607 726 633 ιο.
751 595 899 644 reliquit
921 622 931 638 ,
959 606 1130 644 quatenus
1156 597 1270 634 Deum
1290 607 1355 647 pro
1378 599 1451 648 ejus
1470 601 1588 636 anima
1610 610 1795 638 exorarent
1825 624 1835 640 ‚
1851 608 1956 648 prout
1979 609 2019 634 ex
2039 599 2230 648 testamento
2253 599 2272 637 ἃ
2288 602 2391 639 Petro
2406 597 2515 639 Pau-'

367 651 398 688 lo
423 651 468 687 ab
496 649 616 686 Auria
643 645 737 682 diflae
761 646 935 683 Civitatis
960 643 1118 684 Notario
1131 646 1208 694 scri

362 700 468 738 rede,
494 697 537 738 dr
558 694 824 744 usufrufiuaria
842 693 937 731 ditia:
963 695 1166 733 Catharinae
1187 655 1303 745 ssluta
1319 722 1329 737 ,
1355 698 1522 745 quamdiu
1545 698 1688 735 viveret
1710 723 1720 734 .
1749 698 1836 736 Cum
1859 708 1974 734 autem
2003 696 2186 732 haereditas
2213 698 2260 734 ad
2294 699 2505 746 Angelum-d

363 748 530 785 Rubino.
560 743 611 794 ‘Jo
628 743 705 792 'ephi
731 743 775 786 ὠ·
800 741 949 783 Nicolai
974 745 1182 793 Margiacca
1201 745 1388 785 matrem
1412 745 1611 799 tranfiiffiet,
1636 747 1700 783 illa
1721 759 1838 795 aeque,
1865 759 1904 783 ac
1925 747 1963 783 hi
1987 755 2051 794 per
2073 745 2231 793 plurium
2261 759 2432 784 annorum
2447 747 2517 788 der

358 794 496 843 cursum
513 802 586 842 prae
613 792 677 829 itio
705 804 821 829 annuo
845 794 973 842 Legata
987 793 1195 843 satisfacere
1219 805 1416 833 renuerunt
1436 796 1518 845 ,sub
1528 806 1700 845 praetextu
1716 824 1725 838 ,
1741 796 1832 844 quod
1857 795 2032 844 Capucini
2061 795 2157 831 illius
2184 794 2287 847 effent
2310 797 2509 844 incapaces,

360 855 429 881 non
447 842 597 893 obstante
614 868 625 887 ,
649 841 740 891 quod
759 850 823 890 per
842 842 962 880 santt.
990 840 1339 893 VeJIrae·‘Decretum
1367 854 1515 894 tempore
1529 869 1541 886 ⁴.
1564 857 1630 894 quo
1656 845 1999 894 Archiepiscopatum
2022 844 2191 893 pradifiiae
2222 846 2396 883 Civitatis
2411 855 2514 890 tene·‚

359 902 439 936 ret,
463 903 554 928 anno
589 901 691 938 ¹7¹0·
716 891 884 938 Legatum
906 893 946 928 in
967 894 1167 941 emptionem
1185 893 1365 931 Solearum
1387 903 1451 942 pro
1473 893 1573 930 dietis
1602 894 1784 932 Patribus
1812 894 1974 931 debuerit
1999 893 2170 942 applicari
2197 917 2209 938 ,
2234 895 2276 935 (⁷9⁶
2310 890 2362 931 ad
2381 892 2516 944 instans„

357 942 428 979 tias
456 939 549 990 Fisci
571 939 739 989 praedifiae
768 941 887 978 Curiae
907 964 922 984 ‚
947 942 1124 978 memorati
1160 939 1305 980 Fratres
1331 943 1569 990 Jvtargiacca
1605 951 1667 991 per
1695 941 1980 991 expedita-plura
2008 943 2173 980 mandata
2191 945 2334 987 fuerint
2360 942 2515 990 obligati

358 989 406 1026 ad
418 989 712 1038 satisfaciendum
740 1001 856 1026 annuo
880 990 1007 1038 Legata
1032 991 1138 1040 usque
1161 991 1207 1026 ad
1225 1003 1356 1029 anitum
1382 1003 1485 1040 ¹7¹9.
1513 1004 1579 1041 quo
1602 992 1737 1039 causam
1757 991 1796 1026 in
1822 989 2011 1026 Tribunali
2035 989 2247 1027 Reverendae
2273 991 2425 1029 Fabricae
2454 994 2514 1029 ini

360 1039 500 1076 traduci
526 1040 704 1077 curarunt
721 1061 733 1081 ,
741 1038 1022 1086 pretendentes,
1033 1041 1073 1090 se
1086 1039 1212 1078 habere
1236 1050 1489 1080 attentatarum
1509 1043 1753 1090 purgationem
1779 1038 1824 1075 ad
1849 1036 1996 1088 efflfflum
2011 1061 2023 1079 ‚
2050 1047 2090 1074 ut
2107 1039 2173 1086 sibi
2194 1039 2328 1086 summa
2357 1042 2512 1078 exorta.»

362 1099 440 1125 cum
463 1087 588 1123 damno
611 1088 654 1130 ὠ·
676 1086 896 1125 emolumento
931 1087 1175 1137 restitueretur
1204 1116 1214 1127 .
1242 1091 1370 1128 Stante
1394 1091 1457 1128 hac
1475 1091 1693 1141 praetenfione
1715 1089 1834 1138 manfit
1861 1090 1900 1124 in
1922 1084 2082 1137 praedifio
2114 1084 2305 1124 Tribunali
2328 1091 2430 1139 causa
2453 1091 2514 1132 inq

359 1136 472 1186 decisa
489 1161 502 1181 ,
526 1136 569 1178 ἐς·
595 1137 799 1175 Conventus
815 1145 880 1185 per
908 1140 1063 1187 quinque
1087 1150 1258 1177 annorum
1273 1139 1429 1188 spatium
1453 1139 1629 1190 solutione
1652 1139 1781 1188 Legati
1793 1138 1961 1189 privatus
1978 1162 1989 1174 .

459 1185 690 1236 Qpropter
717 1185 853 1222 Orator
872 1186 918 1221 ad
939 1187 1150 1225 Sanfiiitatis
1178 1186 1302 1238 Vestra
1324 1190 1428 1239 pedes
1452 1188 1645 1240 prostratus
1665 1187 1842 1274 suflicat
1865 1211 1878 1232 ,
1912 1195 2084 1234 quatenus
2121 1186 2294 1224 mandare
2316 1173 2519 1237 dignetur}
2582 1204 2584 1208 ’
2649 1211 2659 1218 -=

591 1234 599 1242 '
1738 1250 1759 1273 a
1784 1261 1797 1280 ,
1832 1234 2061 1284 confirmando
2088 1234 2350 1282 applicationem
2375 1238 2415 1272 in
2441 1235 2522 1284 hac}
2645 1248 2650 1256 ’

367 1244 410 1273 ut
426 1233 562 1283 summa
581 1247 654 1284 jam
678 1234 820 1283 decursa
837 1231 1004 1283 solvatur
1029 1238 1069 1271 in
1095 1240 1295 1287 emptionem
1320 1239 1503 1277 Solearum
1533 1238 1713 1287 impenden

364 1284 468 1333 eausa
488 1283 562 1334 jam
578 1283 706 1334 fafians
726 1307 737 1326 ,
764 1293 806 1322 ut
830 1284 989 1335 deinceps
1015 1287 1124 1323 omnis
1148 1285 1220 1324 alia
1246 1287 1308 1324 Lis
1331 1288 1402 1337 sub
1422 1297 1598 1339 praetextu
1622 1287 1871 1339 incapacitatis
1889 1293 2026 1323 maneat
2050 1285 2208 1334 exclusa.
2234 1285 2354 1336 Qut
2380 1286 2456 1329 &c-

1164 1385 1247 1423 ‘Die
1277 1399 1333 1426 11.
1357 1387 1559 1427 Decembris
1589 1395 1694 1436 1724.
2502 1361 2516 1408 ³·

1126 1484 1187 1526 Ex
1225 1484 1447 1528 AudientIa
1480 1487 1716 1547 santtifflmt
1731 1491 1746 1529 .”

469 1589 648 1628 δαηέἶὶιας
668 1589 746 1626 Sua
772 1588 970 1626 inhaerendo
994 1588 1221 1639 applicationi
1241 1591 1316 1641 jam
1333 1592 1434 1641 fafiiae
1459 1605 1550 1631 anno
1582 1604 1683 1642 ¹7¹0·
1712 1593 1917 1632 auftorttate
1934 1592 2004 1641 sua
2029 1593 2425 1643 ordinartane'mpore,
2444 1592 2515 1642 qud

366 1640 407 1677 in
434 1640 595 1677 Civitate
619 1638 877 1675 ‘Beneventana
904 1639 1066 1687 refidebat
1088 1641 1144 1676 uti
1170 1641 1457 1691 Archiepiscopus
1482 1667 1495 1688 ‚
1520 1643 1617 1681 illam
1642 1643 1850 1693 approbavit
1871 1666 1886 1688 ,
1911 1642 1954 1683 ὠ·
1979 1642 2226 1690 confirmavit,
2243 1644 2309 1688 ὠ,
2336 1644 2518 1692 quatenus}

362 1698 445 1737 opus
471 1689 531 1737 fit,
546 1687 784 1725 eAufiioritate
809 1687 1002 1737 Apostolica
1028 1688 1139 1724 denuo
1164 1689 1316 1737 applicat
1343 1693 1534 1740 Legatum,
1567 1693 1609 1730 de
1635 1705 1700 1741 quo
1727 1693 1848 1740 agitur
1868 1715 1882 1735 ‚
1908 1702 2104 1728 annuorum
2131 1692 2335 1729 ducatorum
2359 1691 2514 1729 decenu'

362 1749 453 1773 anno
501 1739 605 1783 1683.
631 1734 651 1771 ἃ
673 1735 870 1772 Catharina
882 1736 1050 1773 Cornoldi
1065 1736 1219 1772 relifium
1234 1739 1280 1774 ad
1302 1741 1533 1787 commodum,
1558 1742 1601 1784 ὼ·
1625 1740 1825 1789 beneficium
1846 1740 1924 1779 PP.
1952 1740 2210 1788 Capacinorum
2237 1741 2414 1779 Civitatis
2437 1739 2515 1778 ‘Be--

357 1787 502 1823 neventi
515 1811 527 1829 ‚
582 1785 625 1827 &
650 1786 794 1821 mandat
818 1787 911 1832 exigi
938 1785 1200 1829 ammalitates,
1224 1796 1296 1823 tam
1320 1788 1507 1839 decursas,
1533 1788 1638 1839 quim
1661 1789 1898 1827 decurrendas
1919 1787 2066 1837 e‘usdem
2094 1790 2218 1838 Legati
2238 1797 2301 1839 per
2322 1789 2519 1828 *Procurm

363 1845 471 1872 torem
509 1833 673 1882 Fisoalem
703 1834 820 1871 Curiae
847 1834 1101 1871 Beneventanae
1131 1860 1141 1876 ,
1167 1835 1214 1870 ad
1238 1835 1385 1886 effbffium
1411 1838 1582 1887 erogandi
1606 1839 1646 1875 in
1676 1838 1876 1887 emptionem

363 1886 520 1930 rumdem
548 1881 717 1923 Fratrum
745 1882 1028 1932 Capucinorum,
1052 1885 1143 1921 omni
1170 1883 1304 1922 meliori
1329 1886 1425 1924 modo
1451 1889 1525 1930 (5·0.

1310 1985 1488 2057 Prosper
1512 1987 1863 2058 Archiepisbopus
1890 1984 2110 2056 Caesc'trien.
2135 1985 2329 2038 Auditor
2344 1994 2362 2038 .“

1945 1837 2137 1885 oraminum
2155 1847 2222 1888 pro
2248 1838 2432 1878 sandaliis
2457 1843 2520 1886 eog'

1231 655 1266 683 to
1297 647 1448 698 constat.
1474 646 1559 686 Fuit
1578 658 1762 686 memorata
1779 649 1912 698 summa
1937 647 1958 684 ἃ
1980 646 2217 694 &Margarita
2235 649 2402 686 Cornoldi
2417 650 2516 686 Haeae
2552 690 2556 694 ,

462 2103 616 2155 Exempl.
631 2102 749 2143 Auth.
760 2104 801 2140 in
813 2103 927 2144 Arch.
935 2103 1096 2154 generali
1113 2103 1204 2144 Ord.
1219 2106 1326 2147 Arm·
1340 2110 1523 2150 Provincia
1548 2108 1738 2160 Neapolit.

353 2232 1317 2257 ——u-——u———r———u-—uu—

552 2334 595 2376 D
654 2334 692 2376 E
751 2339 791 2380 C
850 2336 891 2378 R
951 2337 987 2379 E
1052 2339 1089 2381 T
1149 2341 1189 2382 Ο

564 2451 611 2503 S.
631 2450 670 2501 C
669 2457 972 2523 ongregationis
986 2455 1185 2508 Concilii.

355 2581 405 2629 A
419 2580 524 2641 jure
549 2575 818 2624 nominandi
834 2577 1014 2625 Puellas
1035 2578 1092 2627 ad
1110 2583 1283 2629 Dotem
1303 2578 1395 2631 &c-

427 2645 724 2766 Ουέτάίεηυε
751 2647 973 2697 Civitatis
1011 2653 1060 2699 S.
1080 2652 1304 2702 Germani
1323 2670 1398 2702 ex-

423 2721 501 2768 clu
539 2719 630 2766 itur
645 2754 657 2767 .

413 2861 578 2905 Nullius
592 2887 607 2911 ,
625 2860 703 2919 siu
723 2862 870 2904 Montis
892 2862 1025 2919 Casini
1046 2864 1336 2921 distributionis

621 2919 893 2978 subsidiorum
909 2925 1135 2968 Dotalium.

483 3053 660 3095 Ntonius
675 3053 839 3111 Tregua
853 3054 892 3096 in
905 3054 1146 3098 testamento
1161 3056 1330 3099 condito
1341 3055 1397 3098 de

510 3127 618 3155 anno
640 3113 761 3162 1665.
779 3113 1013 3167 mandavit,
1043 3124 1087 3158 ut
1109 3116 1244 3159 omnia
1259 3116 1396 3158 credi-

350 3180 392 3211 ta
406 3195 421 3216 2
450 3184 495 3211 ac
511 3172 636 3213 etiam
654 3173 827 3228 pecunia
843 3185 1059 3218 numerata
1077 3203 1092 3227 ‚
1118 3189 1200 3231 quae
1223 3175 1276 3218 de
1291 3186 1399 3218 tem-

350 3242 452 3284 pore
483 3228 538 3271 sui
565 3231 699 3274 obitus
716 3237 995 3289 reperirentur
1011 3263 1025 3287 ‚
1048 3234 1343 3278 investirentur
1359 3235 1403 3278 in

351 3288 518 3341 Capita}
528 3289 614 3331 ibus
628 3289 860 3343 fructiferis,
872 3294 1117 3351 istorumque
1131 3291 1286 3339 fruetus
1300 3309 1400 3338 ero-

356 3356 553 3399 garentur
579 3348 619 3389 in
636 3359 699 3391 tot
725 3350 888 3396 subfidia
910 3354 1074 3397 Dotalia
1089 3382 1105 3404 2
1131 3354 1180 3396 ad
1199 3355 1399 3399 rationem

351 3406 608 3448 Ducatorum
631 3419 702 3454 50.
721 3425 796 3464 pro
820 3413 1041 3467 quolibet,
1073 3412 1348 3458 distribuenda
1375 3415 1399 3459 ὲ

352 3464 402 3505 Ρ.
419 3465 659 3507 Guardiano
687 3471 993 3524 Capucinorum
1018 3473 1210 3516 Civitatis
1236 3480 1275 3519 S.
1291 3477 1401 3518 Ger-

353 3524 477 3588 mani,
493 3522 672 3566 secundo
698 3527 765 3570 die
783 3527 882 3573 festo
897 3533 1100 3576 Paschatis
1118 3531 1403 3578 Resurrectio-

354 3594 419 3624 nis
434 3579 572 3625 favore
591 3585 823 3629 Puellarum
838 3594 1179 3635 commorantium
1195 3595 1234 3637 in
1250 3594 1399 3637 eadem

351 3641 540 3683 Civitate
553 3671 567 3692 .,
585 3657 631 3684 ac
645 3643 803 3687 duobus
817 3650 989 3705 Oppidis
1005 3653 1284 3709 adjacentibus
1298 3683 1311 3707 ,
1326 3668 1398 3696 ex-

1792 2241 2146 2257 —-—
2389 2237 2504 2252 —

1518 2347 1644 2386 sacra
1667 2342 1927 2399 congregatio
1946 2341 2218 2396 Epistoporum
2232 2365 2247 2388 ‚
2265 2338 2314 2386 ἐς·
2333 2338 2508 2391 Regula-¹

1457 2405 1565 2447 rium
1577 2403 1660 2461 sub
1687 2402 1748 2445 die
1776 2404 1844 2444 28.
1864 2400 2101 2455 Septembris
2126 2399 2246 2454 1696.
2283 2398 2338 2438 ad
2349 2396 2510 2452 suppli-

1459 2464 1648 2504 cationem
1679 2461 1888 2504 Ordinarii
1913 2457 2124 2515 Casinensts
2149 2482 2164 2504 ‚
2207 2470 2253 2498 ac
2280 2455 2508 2497 inhaerendo

1457 2522 1539 2578 ejus
1568 2521 1745 2576 antiquis
1762 2522 1945 2562 Decretis
1971 2519 2216 2567 declaravit,
2249 2517 2317 2556 PP.
2338 2516 2514 2569 Capuct-

1460 2595 1525 2623 nos
1540 2580 1609 2638 ff
1622 2589 1822 2636 incapaces
1836 2579 1904 2621 hoc
1917 2590 2074 2620 munere
2094 2573 2354 2634 distribuendi
2371 2576 2478 2616 dotes
2493 2603 2511 2626 ,

1459 2642 1640 2695 illudque
1661 2639 1848 2697 spectare
1878 2639 1933 2680 ad
1954 2634 2191 2694 pradictum
2218 2633 2480 2675 Ordmarium
2497 2662 2510 2674 .

1460 2703 1508 2743 In
1531 2701 1610 2742 vim
1626 2699 1740 2757 hujus
1768 2702 1927 2742 Decreti
1939 2698 2136 2755 consucvit
2154 2696 2279 2736 Curia
2297 2692 2512 2749 Castnenst's

1460 2759 1611 2818 easdem
1627 2759 1729 2801 dotes
1745 2758 1979 2817 distribuere
1998 2755 2160 2812 praevid
2171 2751 2349 2809 affixione
2368 2752 2517 2795 edith-

1458 2833 1549 2861 rum
1567 2847 1581 2871 ‚
1604 2819 1815 2874 ext‘ndequc
1844 2816 2097 2875 consideratis
2122 2812 2325 2870 requisitis
2357 2813 2514 2855 Puella-

1459 2892 1551 2923 rum
1567 2881 1885 2921 concurrentium
1912 2907 1924 2919 .
2336 2893 2339 2895 ·

1521 2938 1608 2982 Sub
1628 2947 1829 2994 praetextu
1854 2945 2017 2987 tamen,

1459 3000 1631 3048 nenses,
1657 3010 1885 3052 eorumque
1911 2994 2082 3038 Ministri
2107 2989 2214 3036 abus:
2248 2988 2400 3031 fuerint
2425 3018 2439 3041 ‚
2469 2991 2511 3031 &

1461 3058 1686 3100 abutantur
1714 3053 1943 3112 hujusmodi
1966 3052 2167 3095 facultate
2183 3078 2198 3101 ,
2223 3047 2512 3092 distribuendo
2583 3095 2586 3096 ⁷

1461 3130 1610 3173 nempe
1643 3115 1759 3158 dotes
1787 3111 1940 3157 Puellis
1985 3110 2194 3155 extraneis
2234 3109 2274 3150 in
2307 3106 2513 3154 exclufio-

1461 3190 1555 3219 nem
1582 3174 1988 3230 Consanguineorum
2004 3200 2019 3224 ,
2046 3173 2086 3214 δε
2108 3168 2299 3213 Affinium
2325 3168 2513 3210 Testato-

1460 3236 1516 3280 ris
1538 3264 1553 3287 ‚
1586 3235 1723 3290 plures
1756 3247 1807 3276 ex
1840 3233 1919 3275 istis
1952 3230 2158 3275 recursum
2190 3230 2419 3270 habuerunt
2458 3224 2511 3269 ad

1461 3294 1888 3352 S-Congregationem
1901 3305 1974 3349 pro
1983 3299 2218 3348 opportuno
2235 3288 2373 3330 remed
2381 3286 2512 3328 io‘im-

1462 3354 1664 3412 posterum
1682 3384 1697 3402 ,
1721 3358 1758 3397 &
1773 3368 1849 3409 pro
1865 3350 2129 3395 restitutione
2145 3346 2408 3390 subsidiorum
2427 3343 2507 3387 do-

1463 3414 1607 3458 talium
1635 3412 1758 3471 usque
1786 3412 1917 3455 adhuc
1947 3411 2254 3454 distributorum
2272 3415 2415 3447 contra
2431 3417 2506 3471 ex-

1462 3472 1634 3531 pressam
1663 3481 1840 3518 mentem
1866 3471 2050 3528 ejusdem
2079 3465 2328 3511 Testatoris:
2356 3462 2503 3506 audito

1462 3533 1718 3585 Ordinatio,
1744 3531 1859 3586 cujus
1878 3531 2025 3574 relatio
2038 3527 2204 3571 dabitur
2225 3523 2409 3578 impreffa
2425 3548 2439 3570 ‚
2458 3534 2504 3565 ac

1460 3593 1697 3647 subscriptis
1720 3593 1846 3634 tribus
1874 3589 2128 3646 sequentibus
2145 3583 2306 3633 dubiis,
2334 3597 2381 3623 ea
2407 3594 2506 3632 pro-

1457 3663 1668 3711 ponuntur
1693 3682 1706 3699 ,
1734 3651 1916 3706 partibus
1950 3648 2014 3691 sua
2050 3645 2137 3702 jura
2163 3641 2501 3689 deducentibus.
2572 3695 2574 3698 y

351 3698 470 3742 clusis
488 3702 673 3754 exteriS,
702 3705 881 3758 praeferri
915 3720 1052 3754 tamen
1078 3715 1237 3769 semper
1263 3713 1395 3757 voluit
1455 3715 1506 3757 ab
1533 3715 1622 3757 ΒΕ.
1641 3713 1737 3755 VV.
1766 3706 2048 3768 sapientissime
2074 3703 2128 3746 de
2162 3715 2275 3745 more
2300 3699 2504 3757 decidena

352 3758 516 3801 Puellas
533 3787 547 3809 ‚
575 3776 662 3817 quae
686 3764 754 3804 fibi
771 3766 1148 3822 consanguinitate,
1176 3774 1244 3818 vel
1265 3773 1393 3818 affini·
1453 3773 1533 3818 da:

353 3825 440 3860 tate
455 3820 682 3867 attinerent
698 3824 970 3887 proximiores
991 3829 1031 3872 in
1047 3831 1178 3888 gradu
1191 3859 1205 3886 .ι

1513 3835 1549 3890 1,
1581 3835 1648 3889 An
1657 3829 1840 3891 subfi'dia
1861 3830 2028 3873 Dotalia
2046 3822 2276 3884 praestanda
2285 3819 2502 3936 stnfigpng

2044 2930 2154 2992 quod
2173 2929 2515 2974 OrdinariiCafi..‘
2583 2982 2588 2986 ⁴
2623 2901 2626 2904 ⁴

2640 1971 2664 2082 *wis
2660 1920 2664 1921 ,
