2664 4114
361 179 483 264 26

299 309 380 354 que
411 292 644 340 Priorifl'am
661 321 675 345 ‚
705 285 938 338 Moniales2
955 286 996 329 δι
1017 285 1212 344 personas
1235 287 1354 347 quas-

300 370 505 413 cumque,
522 366 747 409 earumque
765 353 869 392 bona
885 374 900 399 ‚
917 348 1153 403 gubernio,
1183 350 1352 406 regimi-

299 418 375 469 ni,
405 412 773 460 administrationi,
793 408 1041 460 visitationi,
1068 411 1321 455 corressioni
1334 439 1350 462 a

299 472 576 532 superioritati
593 502 608 525 ‚
627 475 666 513 &
681 467 926 512 obedientiae
940 468 1019 512 tuis
1033 471 1074 512 &
1091 484 1170 527 pro
1185 482 1354 529 tempo-

299 550 348 578 re
364 534 580 579 existentis
598 529 906 587 Archiepiscopi
923 530 1197 586 Neapolitan.
1218 532 1359 575 funili-

303 607 370 638 ter
383 623 397 646 a
430 597 469 637 δι
486 590 688 650 perpetuo
715 589 931 634 submittas
947 619 961 642 ‚
992 591 1033 632 &
1049 590 1236 650 subjicias
1249 623 1262 646 ,
1292 591 1356 637 su-

297 668 375 711 per
389 655 533 710 quibus
547 651 737 693 omnibus
751 650 917 708 plenam
933 650 1162 696 &liberam
1180 683 1194 707 ‚
1211 656 1253 697 &
1267 668 1353 697 am-

295 713 410 769 plam
439 708 684 753 facultatem
699 737 713 761 ,
737 709 886 754 eadem
908 714 1158 756 auctoritate
1173 743 1187 767 ‚
1203 725 1353 758 tenore

295 770 552 828 praeffintium
568 769 838 814 concedimus
853 800 868 823 ,
887 773 928 814 &
944 772 1220 828 impartimur.
1255 777 1353 817 Non

294 829 547 873 obstantibus
562 829 936 874 Constitutionibus
953 833 994 873 &
1007 833 1354 876 ordinationibus

292 887 547 945 Apostolicis
563 917 578 940 ‚
608 902 685 932 nec
700 904 783 933 non
797 890 966 933 Ordinis
981 920 997 942 ‚
1019 892 1060 932 δι
1077 892 1353 935 Monasterio-

291 963 386 992 rum
401 947 714 1005 praedictorum,
730 949 855 994 etiam
878 949 1113 1008 juramento
1125 953 1205 994 &c.
1223 953 1352 996 robo-

290 1008 398 1052 ratis
418 1007 584 1051 statutis
599 1037 613 1061 ,
640 1010 680 1051 &
694 1008 1060 1055 consuetudinibus
1079 1042 1092 1064 ‚
1122 1012 1352 1070 privilegiis

292 1082 459 1125 quoque
487 1068 571 1110 &c.
602 1068 807 1114 innovatis
823 1101 834 1113 .
867 1071 1030 1132 Qibus
1059 1071 1250 1116 omnibus
1266 1104 1282 1126 ‚
1311 1074 1354 1116 «Sc

291 1129 457 1184 singulis
478 1128 646 1173 illorum
664 1140 834 1176 tenores
851 1135 930 1175 &c-
962 1133 1240 1190 derogamuS,
1273 1148 1352 1177 cae-

291 1187 479 1248 terisque
507 1192 728 1237 contrariis
748 1192 1073 1252 quibuscumque
1089 1225 1100 1237 .

353 1252 510 1294 Datum
539 1253 682 1296 Romae
705 1255 813 1310 apud
841 1260 882 1299 S.
901 1258 1071 1299 Petrum
1096 1254 1167 1299 sub
1183 1255 1350 1299 Annulo

286 1308 514 1353 Piscatoris
541 1311 611 1354 die
644 1315 882 1371 11.Aprilis
898 1330 1097 1360 mncxxt.
1125 1314 1351 1360 Pontifica-

286 1375 356 1410 tus
376 1369 504 1412 nostri
523 1370 647 1414 Anno
663 1373 815 1426 primo.

346 1489 415 1530 Ex
428 1468 431 1472 Δ
445 1488 607 1543 Regu-sle
637 1490 764 1535 Arch.
780 1495 927 1538 secret.
942 1497 1062 1537 Brcv.
1077 1490 1213 1549 Apost.
1228 1489 1352 1550 mens-⁸

407 1547 464 1598 ὠν
486 1548 586 1591 anni
602 1552 734 1604 praed.

289 1686 411 1704 β

1015 1691 1350 1709 --α-

283 1787 358 1835 Ex
394 1786 622 1840 Sacristiis
654 1789 704 1843 ὅ(
741 1792 1046 1845 Bibliothecis
1077 1786 1352 1853 utriusque-,-

354 1856 545 1910 Domfis
567 1864 793 1915 Civitatis
833 1863 999 1916 Sveffae
1038 1864 1224 1913 Calices
1258 1855 1353 1906 διε.

353 1942 436 1979 aut
460 1929 718 1989 respective
745 1936 889 1988 libros
913 1933 1095 1987 extrahi
1121 1926 1351 1995 prohibet.

282 2064 813 2118 GREGORIUS
860 2068 1349 2123 EPISCOPUS

556 2196 712 2238 Servus
740 2196 965 2237 Servorum
999 2196 1082 2239 Dei

460 2316 532 2360 Ad
551 2322 795 2372 perpetuam
824 2314 885 2357 rei
917 2315 1171 2358 memoriam.

364 2431 473 2477 Ustis
501 2435 542 2476 &
568 2431 748 2476 honestis
774 2432 1005 2486 petentium
1028 2435 1137 2476 votis
1165 2434 1350 2479 libenter

285 2435 351 2587 J
386 2494 631 2545 annuimus,
664 2505 794 2548 eaque
824 2488 1035 2535 favoribus
1063 2494 1350 2549 prosequimur

378 2554 625 2609 opportunis
641 2581 652 2593 .
681 2550 877 2593 Exhibita
905 2551 1102 2607 siquidem
1125 2554 1256 2595 Nobis
1277 2569 1351 2596 nu-

285 2627 366 2670 per
389 2626 465 2668 pro
486 2623 605 2669 parte
632 2609 888 2654 Dileetorum
917 2613 1114 2654 Fratrum
1139 2614 1351 2656 Guardia-

291 2686 444 2715 norum
471 2700 486 2722 ,
520 2674 557 2713 &
585 2673 778 2713 Fratrum
811 2671 1041 2714 Domorum
1070 2672 1347 2727 Regularium

290 2734 450 2774 banfiae
483 2731 623 2774 Mariae
649 2729 825 2786 Spiritus
855 2731 991 2772 Sanffi
1010 2758 1025 2780 2
1062 2733 1103 2772 &
1129 2731 1350 2786 ejusdem-.-

292 2794 335 2834 S.
371 2791 512 2833 Mariae
550 2789 878 2846 Regina-Coeli
921 2799 1142 2847 nuncupat.
1172 2790 1351 2835 Sveffan.

291 2850 612 2895 Dioec.Ordinis
633 2850 942 2905 Capucinorum
958 2863 1186 2907 nuncupat.
1202 2852 1351 2909 petitio

293 2911 536 2954 continebat
575 2939 591 2963 ‚
644 2909 755 2965 quod
795 2913 950 2952 Domus
999 2911 1196 2967 praedit‘tae
1249 2926 1350 2955 non·

294 2971 409 3014 nulla
432 2971 598 3012 mobilia
615 2996 629 3018 a
661 2979 743 3011 tam
766 2969 816 3013 ad
841 2969 955 3014 usum
972 2972 1197 3024 Sacrffiiae,
1225 2973 1348 3028 quam

300 3031 566 3074 Bibliothecae
596 3030 772 3073 habeant
801 3058 816 3082 ,
861 3031 902 3072 &
931 3030 1097 3074 illorum
1125 3031 1350 3075 mutuatio-

294 3105 348 3133 ne
378 3093 418 3133 in
445 3091 534 3133 dies
551 3104 631 3133 non
649 3088 858 3133 modicum
873 3090 1172 3134 detrimentum
1188 3092 1349 3147 patian-

295 3159 366 3191 tur
393 3179 403 3190 .
435 3153 575 3209 Qiare
592 3164 670 3205 pro
688 3160 807 3204 parte
821 3151 1153 3194 Guardianorum
1168 3180 1182 3203 ‚
1197 3152 1238 3193 &
1256 3153 1350 3194 Fra-

296 3218 408 3250 trum
440 3210 721 3263 praedifitorum
759 3212 889 3255 Nobis
919 3209 997 3255 fuit
1023 3210 1238 3254 humiliter
1264 3210 1349 3267 sup.

298 3268 496 3324 plicatum
515 3297 529 3319 ‚
560 3269 668 3323 quod
686 3271 723 3311 in
739 3270 939 3325 praemiffis
956 3271 1191 3327 opportune
1209 3271 1349 3326 provi-

299 3327 398 3370 dere
412 3356 427 3376 ,
457 3327 509 3369 de
528 3328 789 3383 Benignitate
806 3331 1041 3388 Apostolica
1055 3331 1321 3387 dignaremur
1336 3359 1348 3371 .

383 3389 470 3429 Nos
501 3387 625 3442 igitur
653 3389 913 3435 Guardianos
942 3393 983 3434 δε
1010 3393 1175 3434 Fratres
1203 3390 1350 3447 praedi-

302 3447 389 3487 etos
414 3474 428 3497 ‚
460 3460 505 3488 ac
540 3449 767 3490 Domorum
806 3452 1085 3506 praedidtarum
1126 3451 1350 3509 singulares

302 3503 506 3548 Personas
531 3504 551 3546 a
582 3506 785 3561 quibusvis
812 3511 1249 3555 excommunicationis
1268 3513 1350 3554 &c-

304 3567 346 3608 &
373 3564 576 3607 absolutas
605 3564 697 3607 fore
719 3567 932 3614 censentes
951 3600 965 3624 ,
999 3569 1227 3631 hujusmodi
1257 3569 1349 3628 sup-

306 3624 597 3682 plicationibus
629 3626 810 3671 inclinati
837 3656 852 3680 2
892 3645 944 3673 ne
971 3631 1166 3687 deinceps
1194 3645 1346 3688 perpe-

307 3687 383 3727 tuo
400 3681 549 3726 futuris
568 3688 824 3739 temporibus
840 3692 1000 3733 Cruces
1016 3721 1028 3744 ,
1051 3693 1214 3736 Calices
1230 3722 1244 3745 ,
1263 3695 1346 3735 Re-

308 3745 453 3800 liquias
472 3773 486 3796 ‚
513 3745 713 3799 imagines
737 3775 750 3798 ,
782 3750 891 3791 Vota
908 3779 923 3801 ,
948 3752 1118 3803 Vestes,
1145 3751 1210 3796 seu
1236 3766 1347 3809 quae..

311 3806 375 3847 vis
397 3805 477 3848 alia
501 3816 738 3863 paramenta
755 3834 770 3860 ‚
800 3809 838 3850 5<
863 3822 1104 3856 ornamenta
1134 3812 1186 3857 ad
1213 3813 1349 3868 Sacri-⁶

1112 165 1671 258 Provincia

1412 291 1526 336 stiam
1545 290 1825 349 praedic‘tarum
1839 290 2069 334 Domorum
2087 291 2338 349 pertinentia
2355 308 2368 338 :
2383 309 2461 339 nee

1411 368 1491 398 non
1506 355 1653 398 Libros
1669 349 1949 409 cujuscunque
1978 349 2263 408 Profeffionis,
2288 357 2329 397 δι
2355 370 2465 412 quae-

1413 415 1520 459 libet
1549 412 1630 457 alia
1653 423 1949 463 monumenta,
1979 413 2063 454 five
2091 413 2307 470 impressa,
2340 415 2464 461 sive)

1416 472 1690 529 manuscripta
1726 485 1973 530 quocunque
2002 472 2168 515 nomine
2194 486 2428 531 nuncupata
2446 503 2463 527 ‚

1416 537 1458 577 &
1493 534 1546 576 ad
1578 533 1882 576 Bibliothecam
1922 531 2204 590 praedic‘tarum
2231 535 2463 578 Domorum

1416 591 1738 651 quomodolibet
1771 591 2022 650 spectantia,
2053 607 2104 636 ex
2135 591 2288 636 eisdem
2321 595 2465 637 Domi-

1419 657 1491 699 bus
1517 652 1601 698 alio
1627 650 1928 710 transportari,
1957 663 2024 698 aut
2048 653 2252 710 quibusvis
2279 652 2463 709 personis

1417 713 1669 758 commodari
1687 739 1700 761 a
1733 715 1804 757 seu
1828 714 1972 758 mutuo
1998 712 2118 765 dari,
2149 722 2221 756 aut
2249 713 2334 755 alio
2358 726 2466 768 quo-

1415 789 1498 830 quo
1521 773 1678 825 modo,
1703 783 1773 816 aut
1796 787 1846 816 ex
1872 787 2119 831 quacunque
2143 771 2260 815 cau'sa
2276 800 2291 823 2
2317 771 2385 814 nist
2408 771 2466 814 de

1416 833 1585 876 licentia
1614 832 1946 876 Guardianorum
1982 833 2267 890 praedit‘tarum
2305 834 2468 874 Domo-

1415 906 1504 936 rum
1522 921 1535 943 ,
1552 904 1630 947 pro
1646 900 1833 947 tempore
1866 891 2125 936 existentium
2140 922 2155 944 ‚
2174 892 2350 935 mutuari
2373 889 2467 947 pos:-

1415 951 1491 994 fint
1518 953 1558 992 &
1582 950 1795 1001 debeant,
1826 951 2068 1005 Apostolica
2100 952 2342 996 auctoritate
2373 964 2468 1006 per-¹

1413 1013 1544 1069 petuo
1569 1010 1778 1052 statuimus
1796 1035 1812 1060 ,
1840 1010 1878 1050 δε
1906 1009 2167 1051 ordinamus.

1474 1073 1528 1115 Et
1546 1069 1710 1126 insuper
1724 1068 1912 1112 omnibus
1935 1068 1977 1108 &
2000 1067 2164 1123 singulis
2181 1067 2372 1110 Personis
2395 1081 2470 1110 cu-

1411 1130 1635 1191 juscunque
1662 1127 1782 1173 status
1797 1156 1811 1179 ‚
1835 1126 1986 1186 gradus
2001 1158 2015 1179 ,
2038 1130 2079 1170 &
2101 1126 2353 1170 conditionis
2379 1129 2481 1168 exiss

1411 1192 1648 1244 stentibus,
1681 1204 1732 1234 ne
1767 1191 1838 1233 sub
1871 1202 2205 1247 quoruncunque
2223 1186 2468 1230 officiorum

1412 1269 1487 1312 per
1516 1267 1587 1296 eos
1616 1252 1885 1295 obtentorum
1914 1249 2162 1306 privationis
2181 1276 2195 1299 ‚
2233 1246 2472 1289 inhabilita-

1411 1313 1548 1370 tisque
1574 1312 1626 1357 ad
1659 1312 1763 1363 illa,
1795 1321 1921 1367 atque
1962 1308 2229 1364 imposterum
2269 1307 2472 1348 obtinen-

1410 1376 1578 1422 dorum,
1591 1375 1632 1415 δι
1643 1369 2079 1415 excommunicationis
2092 1367 2197 1425 (non
2218 1375 2358 1408 tamen
2377 1365 2472 1410 latae

1412 1434 1624 1475 sententiae
1640 1433 1659 1488 )
1675 1432 1836 1488 poenis,
1849 1432 1872 1474 ὲ
1887 1430 2036 1485 quibus
2052 1441 2134 1471 non
2154 1424 2221 1468 nisi
2239 1425 2343 1467 faeta
2373 1439 2472 1468 rea-

1412 1491 1442 1532 li
1468 1492 1733 1536 restitutione
1765 1491 1823 1535 rei
1850 1490 2027 1542 ablatae,
2054 1489 2096 1530 δε
2124 1495 2399 1544 praeterquam
2425 1486 2471 1527 in

1411 1551 1560 1593 mortis
1576 1551 1752 1593 articulo
1766 1549 1977 1594 constituti
2007 1547 2164 1593 absolvi
2189 1555 2346 1602 queant
2365 1572 2379 1596 ,
2402 1558 2474 1586 or-

1413 1621 1609 1653 namenta
1626 1639 1641 1661 ,
1667 1612 1708 1652 &
1731 1610 1812 1654 alia
1836 1623 2086 1665 quaecunque
2114 1606 2302 1663 praeditfta
2328 1617 2381 1647 ex
2406 1603 2476 1646 di-

1411 1669 1483 1711 etis
1516 1670 1715 1712 Domibus
1733 1695 1746 1719 ,
1772 1676 1842 1711 aut
1869 1681 2014 1710 earum
2043 1667 2179 1722 aliqua
2205 1666 2431 1709 extrahere
2450 1690 2469 1714 ,

1413 1739 1484 1770 aut
1512 1728 1596 1769 alio
1624 1730 1908 1784 transportare
1932 1756 1948 1779 ‚
1982 1728 2048 1770 seu
2083 1728 2230 1768 mutuo
2257 1721 2474 1766 concede-

1414 1800 1462 1828 re
1483 1811 1498 1831 2
1517 1785 1605 1835 vel,
1619 1799 1666 1828 ut
1681 1789 1979 1836 extrahantur,
1996 1784 2335 1840 transportentur
2348 1811 2364 1835 ‚
2405 1782 2475 1824 seu

1416 1842 1732 1891 concedantur,
1766 1842 2001 1887 consentire
2025 1844 2204 1885 audeant
2221 1871 2236 1893 ,
2271 1841 2337 1884 vel
2368 1855 2472 1897 prae-

1414 1903 1574 1944 sumant
1589 1931 1604 1953 ‚
1632 1901 1779 1945 eadem
1802 1902 2049 1944 auStoritate
2074 1900 2287 1943 distric‘tius
2309 1899 2475 1942 inhibe-

1417 1975 1535 2004 mus:
1570 1964 1666 2004 Non
1696 1960 1950 2004 obstantibus
1982 1958 2363 2004 Constitutionibus
2385 1988 2400 2011 ,
2432 1961 2475 2000 δι

1415 2020 1763 2064 Ordinationibus
1780 2020 2031 2076 Apostolicis
2047 2049 2063 2071 ,
2095 2035 2141 2062 ac
2163 2020 2369 2062 dictarum
2391 2020 2474 2060 Do·-

1392 2094 1584 2130 ‘muum9
1616 2082 1742 2124 etiam
1782 2079 2051 2137 juramentO,
2082 2077 2472 2123 confirmatione-2

1410 2139 1679 2198 Apostolica,
1710 2139 1777 2182 vel
1800 2139 1944 2196 quavis
1967 2139 2045 2183 alia
2071 2137 2271 2183 firmitate
2298 2138 2474 2183 robora-

1412 2201 1464 2242 tis
1492 2200 1650 2243 statutis
1677 2201 1717 2241 &
1741 2197 2132 2250 consuetudinibus,
2166 2199 2471 2254 caeterilque.»

1412 2259 1632 2302 contrariis
1675 2258 1984 2315 quibuscunque
2014 2288 2025 2299 .
2061 2257 2264 2302 Volumus
2301 2270 2471 2306 autem,

1410 2318 1522 2376 quod
1549 2320 1806 2374 praesentium
1834 2318 2046 2375 exemplar
2071 2317 2138 2360 seu
2168 2317 2472 2373 transumptum

1411 2379 1698 2422 authenticum
1724 2379 1766 2420 in
1791 2377 1977 2420 Sacristia
2009 2380 2048 2418 δι
2075 2378 2334 2420 Bibliotheca
2364 2376 2473 2417 timi-

1411 2438 1511 2480 liter
1534 2437 1819 2492 praedictarum
1849 2439 2057 2478 Domuum
2088 2437 2362 2492 Regularium
2387 2435 2472 2478 affi-

1413 2507 1535 2552 gatur
1570 2525 1585 2547 ,
1628 2498 1669 2537 &
1700 2495 1756 2537 ibi
1782 2493 1946 2538 affixum
1981 2499 2187 2551 perpetuo
2215 2505 2433 2538 remaneat
2453 2521 2470 2545 ,

1412 2555 1610 2613 quodque
1654 2553 1874 2611 praesentes
1911 2555 2059 2599 Literae
2099 2554 2225 2599 semel
2272 2554 2470 2611 quolibet

1414 2614 1549 2659 mense
1582 2617 1621 2657 in
1652 2614 1779 2670 pleno
1805 2615 2007 2670 Capitulo
2036 2616 2231 2670 publice,
2261 2614 2407 2664 clare,
2428 2615 2471 2654 δι

1410 2674 1672 2729 intelligibili
1701 2688 1806 2717 voce
1833 2675 1916 2731 legi
1945 2674 2128 2717 debeant
2152 2705 2167 2726 ,
2199 2674 2251 2717 ad
2280 2674 2390 2724 hoc,
2423 2682 2469 2713 ut

1411 2735 1577 2778 illarum
1599 2735 1758 2777 tenoris
1782 2746 1865 2777 tam
1890 2735 2099 2785 sacristae‚
2125 2737 2247 2792 quam
2275 2733 2345 2775 alii
2370 2736 2470 2776 Fra-

1412 2805 1498 2838 tres
1524 2795 1770 2837 earumdem
1800 2797 2030 2837 Domorum
2059 2809 2134 2850 pro
2162 2806 2353 2848 ternpore
2377 2792 2470 2835 exi-

1413 2855 1565 2898 stentes
1594 2853 1760 2908 plenam
1787 2853 1977 2896 notitiam
2005 2854 2213 2898 habeant.
2247 2851 2367 2895 Nulli
2397 2866 2469 2894 er-

1412 2927 1466 2970 go
1495 2914 1664 2956 omnino
1692 2909 1904 2956 homiuum
1931 2914 2057 2956 liceat
2093 2916 2196 2956 hanc
2230 2912 2461 2968 paginam-2

1412 2972 1571 3017 Nostrae
1593 2973 1876 3016 Absolutionis
1893 3000 1907 3023 ‚
1930 2973 2113 3023 statuti,
2140 2973 2182 3012 δε
2207 2970 2377 3012 Ordinis
2405 2972 2466 3012 in—

1411 3031 1595 3088 fringere
1618 3061 1634 3083 ‚
1667 3033 1736 3074 vel
1773 3033 1813 3074 ei
1842 3031 1938 3074 ausu
1967 3030 2193 3074 temerario
2219 3030 2430 3072 contraire
2450 3045 2465 3074 ε

1410 3093 1452 3137 Si
1480 3091 1569 3147 quis
1601 3100 1738 3133 autem
1772 3091 1849 3132 hoc
1871 3100 2094 3133 attentare
2126 3086 2426 3145 praesumpserit
2448 3119 2465 3144 ,

1411 3151 1739 3208 indignationem
1763 3149 2075 3206 omnipotentis
2107 3150 2216 3200 Dei,
2246 3151 2288 3191 &
2313 3150 2465 3193 Beato-

1410 3226 1504 3256 rum
1530 3210 1676 3261 Petri,
1711 3212 1754 3253 &
1783 3209 1896 3253 Pauli
1924 3209 2212 3268 Apostolorum
2241 3208 2330 3267 ejus
2364 3215 2462 3258 ῖς..)

1411 3270 1576 3317 noverit
1604 3269 1883 3313 incursurum.

1471 3334 1628 3374 Datum
1658 3332 1799 3374 Romae
1831 3328 1937 3386 apud
1967 3333 2008 3373 S.
2035 3332 2206 3373 Petrum
2233 3330 2359 3372 Anno
2390 3331 2462 3371 In-

1411 3390 1660 3435 carnationis
1677 3392 1901 3435 Dominicae
1923 3389 2144 3433 millesimo
2161 3387 2459 3431 sexcentefimo

1411 3452 1606 3507 vigesimo
1629 3449 1810 3495 secundo
1826 3481 1841 3505 2
1873 3449 2145 3494 Pontificatus
2169 3447 2308 3492 Nostri
2331 3451 2458 3492 Anno

1409 3509 1592 3555 secundo
1608 3540 1620 3552 .

1465 3630 1587 3675 Bulla
1602 3626 1793 3686 formata
1817 3630 1860 3671 in
1888 3627 2060 3672 Archivo
2089 3626 2238 3670 Domdr
2278 3628 2458 3670 Aracoeli

1524 3689 1647 3735 Civit.
1680 3689 1819 3748 Smffae
1835 3689 1910 3740 ,de
1939 3690 2014 3744 quo
2040 3687 2241 3742 exemplar
2270 3687 2384 3730 auth.
2410 3691 2454 3728 in

1525 3749 1692 3796 Archiv.
1732 3749 1922 3793 General}
1952 3748 2051 3794 Ord.
2084 3752 2198 3793 Arm·
2232 3746 2453 3791 Provincia

1526 3810 1803 3869 Neapolitana
1814 3837 1828 3853 .

2260 3870 2304 3912 Ν
2335 3866 2396 3907 0-

2647 1214 2655 1219 2
2640 1095 2658 1186 antam.-
2644 975 2655 1071 ›mm-r
2645 911 2651 931 0-
