2664 4114
120 1541 122 1545 ⁴
195 1527 345 1576 quolibet
369 1541 458 1564 anno
486 1541 561 1566 cum

987 257 1520 368 Cosenttna.
2143 291 2243 371 91

215 369 343 424 Statua
368 369 486 406 Sanssii
510 372 662 411 Antonii
688 369 868 408 ‘Patavini
885 370 924 405 in
951 371 1092 408 Habitu
1119 374 1371 421 Capacinorum
1397 375 1527 422 (prout
1543 376 1694 412 omnibus
1719 379 1835 414 notum
1856 374 1926 425 est)
1952 375 1996 417 ἐν
2013 386 2087 412 cum
2106 376 2311 414 interventu

215 416 418 472 lllustrxffimi
438 419 578 457 Domini
595 421 770 470 Episcopi,
791 417 969 466 Capituli,
996 420 1038 459 ῤ’
1052 423 1160 460 totius
1187 422 1279 473 quasi
1296 422 1440 470 Populi.
1471 426 1556 462 Cum
1579 435 1690 461 autem
1705 425 1779 461 PP.
1794 423 1988 472 Refhrmati
2010 424 2148 471 desuper
2169 425 2215 460 ad
2240 426 2312 461 Sa·

214 475 305 499 cram
322 467 623 514 congregationem
648 469 796 504 Rituum
823 467 996 514 recursum
1021 468 1232 517 sumpserint
1258 495 1269 513 ,
1295 471 1398 510 &rin
1425 471 1487 507 hac'
1512 473 1629 508 auditi
1649 474 1790 519 fuerint
1815 473 1857 514 &³
1875 473 1952 510 PP.
1969 472 2167 519 capucini,
2193 473 2308 508 obten-

213 520 284 568 tum
308 511 350 560 est
373 513 554 552 Decretum
573 542 584 560 ,
609 517 696 564 quod
721 516 762 556 ὼ·
788 514 858 551 PP.
884 516 1057 562 capucini
1086 518 1270 567 instituant
1296 519 1523 567 proceffionem
1548 520 1667 556 §unffi
1692 521 1844 556 Antonii
1875 533 1951 557 cum
1977 521 2108 557 Statua
2126 520 2165 554 in
2194 521 2310 567 Capu-

210 571 364 615 cenorum
385 562 525 600 Habitu
542 589 552 605 ,
577 566 645 614 sub
667 562 857 600 conditione
875 572 996 599 ‘tamen
1026 590 1035 603 ‚
1081 578 1122 602 ne
1160 567 1253 602 illam
1292 578 1328 601 eo
1365 568 1432 614 ipso
1465 568 1521 602 die
1545 580 1557 610 ‘⁵
1591 579 1655 612 quo
1691 567 1766 603 ΡΙ).
1791 567 1987 615 Refhrmati
2018 579 2090 604 eam
2118 567 2308 615 facerent,

209 607 426 658 instituerent
440 634 454 654 ‚
463 621 583 694 frou&
599 615 641 653 ἐς·
658 611 679 647 ὰ
699 613 779 648 Sac.
804 611 1076 659 congregatione
1099 615 1332 662 Epist-oporam
1354 615 1397 654 ὠ·
1419 613 1648 659 Regularium
1666 614 1743 660 fuit
1763 616 1963 653 ordinatum
1980 641 1994 660 ,
2019 615 2153 664 quando
2177 616 2307 652 Decre-

207 664 280 691 tum
298 657 462 703 favorabi
476 671 494 695 e
513 659 731 708 pradifium‚
756 660 799 699 ὠ·
823 659 866 693 ab
890 659 952 695 hac
979 663 1089 697 Curia
1116 661 1303 710 Episcopali
1327 670 1519 701 emanatum
1545 661 1587 696 ab
1614 671 1653 695 ea
1672 661 1750 707 fuit
1774 662 2031 708 confirmatum.
2059 664 2212 710 Cumqne
2238 663 2308 700 De-

207 712 335 740 cretum
353 707 432 742 Sac-
447 708 728 755 Congregationis
754 705 902 742 Rituum
919 709 1035 755 fuerit
1058 711 1258 745 intimatum
1274 732 1286 750 2
1309 708 1351 747 ὠ·
1372 709 1611 755 praesentatum
1633 708 1788 743 moderno
1808 710 1913 746 Patri
1929 711 2134 748 Gaardiano
2158 710 2307 750 Patrum

205 750 482 800 Reformatorem
496 755 597 804 hujus
620 755 818 793 Conventus
842 756 1009 802 Risiniani
1024 781 1038 801 ,
1065 758 1150 804 quin
1175 758 1314 804 desuper
1339 755 1548 802 responderit
1563 779 1575 798 ‚
1599 757 1642 796 &
1659 758 1826 795 terminus
1851 759 2073 806 respondendi
2085 759 2131 807 sit
2156 758 2306 807 elapsus,

198 799 440 848 supplicatur,
463 813 627 850 quatenus
652 804 695 838 ab
718 802 835 850 hujate
861 804 971 840 Curia
987 804 1172 853 Epist-opali
1189 804 1259 850 fiat
1283 803 1465 839 Decretum
1481 827 1494 846 ,
1517 803 1651 850 diesque
1674 804 1852 850 afflgnetur
1877 829 1888 848 ,
1916 818 1979 852 quo
2006 807 2079 845 PP.
2103 806 2302 854 Reformati

196 852 297 897 suam
321 850 544 898 proceffionem
563 851 681 899 facere
703 850 877 889 voluerint
895 877 907 895 ,
932 854 975 894 ὠ*
1001 853 1088 889 alius
1112 853 1359 894 determinetur
1383 850 1454 893 dies
1466 875 1479 894 ‚
1506 863 1570 899 quo
1595 852 1765 898 Capacin?
1779 852 1879 899 suam
1917 854 2098 902 instituant
2126 855 2300 903 Proceffiv-

201 895 279 985 ἔξω
301 908 375 954 casn
404 899 536 981 ,sliatqa
557 899 639 984 dilffi
647 899 783 989 &sanni
814 899 980 937 aimonis·
1011 903 1049 937 in
1075 901 1217 939 Habitu
1241 899 1520 950 Capacinorum,
1544 900 1588 941 ὠ·
1610 900 1663 936 ita
1687 899 1798 944 dicit,
1816 900 1977 948 facitque
2005 900 2186 950 instantias
2210 903 2270 939 hoc
2289 926 2302 946 ,

267 956 354 981 omns
379 956 429 982 me
441 957 508 982 tort
534 958 582 983 mo
608 959 624 983 o
691 960 720 984 c.

297 1043 359 1080 Ad
371 1052 446 1090 quae
465 1044 572 1082 Curia
587 1044 795 1095 Episcopalis
816 1047 1010 1094 sequentem
1030 1049 1108 1086 tulit
1121 1047 1339 1086 sententiam=

1048 1143 1081 1194 J
1129 1143 1162 1181 E
1208 1146 1236 1183 S
1290 1145 1323 1180 v
1370 1144 1400 1182 S
1423 1171 1432 1180 .

296 1237 379 1289 Vilis
391 1240 505 1276 literis
525 1240 638 1278 Sacra
663 1242 947 1290 Congregationis
961 1241 1132 1285 Rituum,
1159 1253 1232 1289 quae
1246 1243 1336 1280 omni
1351 1251 1442 1289 ,qna
1463 1239 1559 1276 decet
1574 1242 1794 1282 ‚reverentia
1811 1241 1964 1289 fuerunt
1984 1247 2122 1286 recepta
2135 1263 2148 1283 ,
2173 1240 2216 1281 ὠ·
2240 1245 2301 1275 noa

203 1287 337 1335 tisicatae
369 1288 568 1324 Reverendo
594 1290 698 1328 Patri
723 1291 924 1329 Guardiano
939 1316 951 1335 ‚
977 1289 1119 1339 aliisque
1141 1291 1309 1328 Patribus
1336 1289 1545 1338 Reformatis
1570 1288 1672 1338 hujus
1699 1291 1871 1327 Civitatis
1892 1314 1904 1333 ,
1940 1288 2000 1336 qui
2026 1288 2131 1337 elapso
2154 1289 2299 1324 termino

199 1348 266 1373 non
291 1345 550 1384 comparuerunt
579 1339 618 1373 in
646 1339 708 1377 hac
735 1338 919 1388 Episcopali
945 1339 1055 1377 Curia
1071 1362 1083 1381 ‚
1108 1351 1214 1387 neque
1237 1341 1276 1375 in
1297 1340 1512 1376 contrarium
1533 1337 1670 1385 aliquid
1690 1338 1911 1376 adduxerunt
1935 1345 2055 1373 contra
2079 1338 2299 1373 Decretum,

196 1386 312 1424 Sacra
333 1386 617 1432 Congregationis
641 1388 872 1437 Episcoporum
893 1389 935 1430 &¹
960 1386 1187 1435 Regularium
1204 1386 1272 1435 sub
1291 1388 1408 1424 datum
1432 1386 1542 1421 Romae
1566 1397 1619 1421 12.
1644 1386 1792 1434 Augusti
1821 1387 1920 1422 1661.
1944 1384 2020 1432 visis
2043 1385 2205 1420 videndis
2221 1409 2232 1425 ,
2257 1384 2300 1425 εἷς·

198 1432 413 1480 consideratis
437 1434 478 1469 de
495 1433 576 1481 jure
605 1437 851 1486 confiderandis
871 1437 1113 1485 providimus,
1139 1436 1242 1472 licere
1267 1436 1310 1476 (θ’
1333 1435 1468 1472 licitum
1492 1430 1551 1484 effi’
1574 1432 1672 1468 ditiis
1706 1433 1788 1470 RR.
1818 1434 1892 1472 PP.
1916 1431 2126 1480 Reformatis
2145 1434 2186 1468 in
2211 1431 2302 1482 Festo.

197 1480 316 1518 saneta·
343 1482 492 1518 Antonii
521 1484 802 1568 progffionaliter
835 1486 991 1521 incedere
1010 1494 1073 1533 per
1098 1483 1286 1520 Civitatem
1309 1482 1502 1531 praedifiiam
1531 1493 1604 1518 cum
1628 1483 1759 1519 Statua
1782 1482 1927 1530 ejusdem
1949 1481 2068 1518 santii
2086 1482 2239 1518 Antonii
2260 1482 2300 1514 in

621 1532 718 1568 abitu
746 1531 1020 1581 Reformatorum
1037 1545 1047 1565 ε
1073 1529 1153 1568 Nec
1174 1542 1241 1566 non
1268 1531 1351 1568 RR.
1373 1532 1539 1569 Patribus
1567 1530 1754 1577 Capacinis
1787 1530 1931 1578 ejusdem
1953 1529 2123 1565 Civitatis
2147 1530 2186 1564 in
2210 1527 2298 1577 Festo

196 1576 420 1614 ‘Dominicali
441 1578 538 1625 infra
564 1578 712 1616 offavam
737 1581 778 1616 S.
798 1581 950 1617 Antonii
968 1578 1112 1628 ejusdem
1124 1578 1282 1627 similiter
1305 1577 1586 1627 proceffionaliter
1610 1578 1767 1613 incedere
1787 1587 1851 1625 per
1874 1576 1995 1612 diffam
2011 1576 2201 1613 Civitatem
2225 1587 2299 1612 cum

193 1627 324 1665 Statua
348 1626 430 1661 dieta·
453 1625 572 1663 Sanfii
596 1629 746 1664 Antonii
770 1640 844 1665 cum
869 1627 1008 1665 Habitu
1035 1627 1286 1672 Capacinorum
1305 1627 1347 1661 in
1370 1625 1518 1672 quolibet
1542 1635 1659 1659 anno:
1686 1626 1743 1660 vel
1753 1626 1785 1674 st
1806 1624 1932 1674 Festum
1957 1625 1996 1661 S.
2020 1626 2173 1662 Antonii
2193 1636 2297 1660 vene-

194 1675 246 1710 rit
270 1675 308 1708 in
334 1673 390 1709 die
414 1674 592 1711 Dominico
606 1699 617 1718 ,
643 1675 744 1712 liceat
761 1676 859 1712 distis
880 1675 1047 1714 Patribus
1065 1673 1274 1722 Reformatis
1298 1675 1337 1708 in
1360 1673 1446 1708 difiio
1470 1674 1526 1708 die
1551 1671 1727 1708 Dominico
1750 1671 2028 1722 proceffionaliter
2049 1672 2206 1708 incedere
2222 1697 2235 1715 ,
2256 1680 2297 1707 ut

186 1719 320 1770 supra,
347 1721 389 1762 ὠ·
401 1721 558 1771 similiter
581 1723 678 1759 dietis
703 1723 770 1760 FF.
800 1724 985 1772 Capacinis
1011 1724 1048 1758 in
1071 1722 1138 1771 ipſs>
1164 1722 1219 1759 die
1243 1722 1434 1758 ‘Dominico
1448 1746 1458 1761 ‚
1485 1721 1546 1768 qui
1568 1719 1610 1768 est
1633 1720 1705 1756 dies
1728 1721 1844 1757 offava
1858 1719 2138 1768 proceffionaliter
2162 1720 2301 1756 incede-

192 1781 234 1806 re
251 1797 261 1812 ,
295 1770 334 1807 ut
349 1770 458 1818 supra
474 1794 486 1814 ,
515 1772 557 1812 ὼ·
574 1772 718 1819 proinde
733 1773 778 1808 ad
800 1771 962 1809 tollendas
984 1782 1092 1807 omnes
1113 1769 1324 1818 difficultates
1340 1770 1387 1817 fic
1400 1768 1583 1818 statuimus
1601 1792 1612 1808 ,
1637 1769 1680 1808 (9·
1700 1767 1912 1807 decernimus
1934 1791 1947 1812 ‚
1970 1768 2166 1816 imponendo
2183 1775 2297 1816 perpe-

199 1827 295 1854 tuum
306 1818 480 1867 silentium
496 1843 510 1863 ‚
534 1819 577 1860 ὠ·
600 1821 652 1856 ita
670 1828 734 1868 per
759 1820 819 1856 hoc
845 1819 989 1869 nostrum
1010 1819 1083 1863 (Tc.
1109 1818 1284 1869 ‘BiJiniani
1306 1818 1361 1857 die
1388 1817 1440 1858 ιδ.
1463 1816 1659 1859 Decembris
1687 1819 1786 1854 1662.

742 1929 787 1967 C.
817 1925 1020 1979 Philippus
1052 1924 1180 1980 Mejus
1212 1925 1414 1986 Epistopus
1446 1923 1526 1976 &c-

283 2031 416 2079 Autog.
441 2032 481 2066 in
502 2029 660 2068 Archivo
688 2031 904 2070 Provincia.

191 2142 2275 2161 -———-——n—*———*mss—

390 2230 432 2269 D
493 2230 526 2270 E
588 2232 626 2270 C
684 2232 724 2272 R
784 2231 819 2272 E
880 2231 917 2272 T
976 2233 1016 2273 Ο
1271 2230 1480 2274 declarare
1507 2229 1755 2284 dignentur,
1788 2230 1898 2286 quod
1929 2230 2112 2285 praefatus
2140 2229 2290 2272 Clerus

1271 2304 1345 2334 nec
1373 2289 1522 2329 dictum
1547 2287 1733 2331 Officium
1763 2288 1800 2330 in
1836 2289 2013 2330 Ecclesua
2038 2299 2295 2330 memorata-2

295 2334 387 2384 Sac.
419 2335 662 2404 Congregat.
696 2337 834 2403 Epist.
869 2339 923 2386 &⁵
951 2337 1105 2406 Regul.
1273 2348 1478 2395 recitare,
1502 2360 1578 2388 nec
1596 2358 1780 2402 quartam
1805 2346 2053 2396 funeralem‚
2075 2348 2206 2388 multo
2225 2347 2296 2386 ml·-

1271 2407 1344 2449 nus
1383 2415 1509 2447 totam
1549 2418 1678 2446 ceram
1709 2405 1961 2459 praetendere
1989 2405 2135 2458 poffit.
2169 2403 2295 2459 Quod

193 2469 241 2516 A
271 2466 412 2516 Clero
441 2463 687 2516 Cosentino
714 2465 939 2517 Officium
964 2465 1211 2518 Defuncto·
1270 2475 1403 2507 totum
1430 2465 1508 2502 &c.
1820 2519 1827 2528 ,
1929 2516 1937 2524 ,

259 2553 364 2584 rum
392 2537 438 2584 in
468 2535 664 2586 Ecclefia
692 2541 902 2587 Fratrum
931 2538 992 2587 ibi
1020 2537 1210 2587 occafio-
1329 2525 1449 2562 Sacra
1469 2520 1723 2574 congregatio
1743 2517 2127 2575 Emmcntffmorum
2151 2533 2196 2561 ‘²⁶
2222 2522 2293 2562 Re-

342 2602 369 2652 f
474 2608 484 2616 .
533 2605 579 2657 ἃ
679 2609 688 2617 .
722 2609 732 2619 .
766 2607 782 2624 x
1011 2611 1021 2619 .
1098 2610 1107 2619 .
1271 2577 1617 2635 verendtffimorum
1642 2581 1681 2618 S.
1701 2580 1746 2619 R.
1764 2581 1807 2619 E.
1835 2576 2106 2620 Cardtnalium
2129 2581 2293 2633 negotiis

259 2623 315 2653 ne
363 2623 507 2654 unerls
583 2625 623 2656 c.
659 2610 782 2657 helte
813 2625 903 2655 non
935 2623 1109 2657 reeltarl
1136 2625 1211 2675 po·
1271 2640 1324 2690 ὠ,
1355 2635 1697 2694 confhlmcionibm
1738 2637 2005 2693 Epssopomm
2038 2637 2084 2684 {5
2124 2638 2294 2691 Regula-

259 2674 387 2724 tuiffe
408 2710 423 2733 ,
459 2693 540 2724 nec
572 2691 780 2742 quartam
818 2675 1066 2728 funeralem
1095 2677 1209 2742 juste}
1271 2699 1376 2742 rium
1407 2694 1615 2751 praepostm
1636 2697 1659 2744 ‚·
1691 2696 1853 2735 attentis
1888 2702 2093 2745 narrum,
2125 2707 2294 2748 νίψω

261 2742 528 2814 praetensam
565 2745 682 2806 effe,
721 2747 1003 2798 declaratur.
1274 2752 1570 2809 Eminentifflmo
1605 2750 1881 2794 Sa'ntiacrucio
1906 2752 2126 2809 nstra-nte,
2162 2762 2293 2795 mata-

639 2811 640 2814 '
1273 2815 1318 2856 ri
1348 2812 1542 2869 discussd,
1569 2808 1746 2864 censuit,
1768 2822 1813 2850 ae
1840 2811 2007 2852 decrevit
2027 2840 2042 2862 ‚
2074 2825 2147 2853 non
2176 2814 2293 2853 licere

249 2871 543 2930 Eminentifflmi
568 2886 613 2916 ac
637 2874 942 2932 Reverendzffimi
968 2876 1157 2919 Domini.
1276 2872 1383 2913 Clero
1412 2866 1610 2924 Cosentino
1637 2865 1769 2921 Officia
1791 2867 2076 2925 Defunbiorura
2098 2873 2141 2910 in
2165 2870 2293 2912 Eccle-

1261 2928 1330 2986 sia
1364 2928 1644 2982 Capacinorum
1663 2923 1933 2982 stpelientium
1962 2939 2151 2982 peragere
2172 2955 2186 2977 ,
2226 2939 2292 2967 nec

269 2993 308 3032 N
339 2989 517 3032 Ecclesia
543 2991 844 3045 Capucinorum
867 2990 1101 3034 Conventus
1129 2992 1215 3032 Co·
1276 2999 1431 3036 ceram,
1465 2993 1536 3025 aut
1571 2994 1755 3036 quartam
1775 2981 2002 3038 funeralem
2036 2985 2217 3038 exigere,
2248 2987 2291 3023 in

289 3048 435 3090 lentini
462 3049 664 3104 reperitur
690 3050 891 3104 sepultura
921 3053 1013 3092 DD.
1042 3048 1216 3092 Palmie-
1277 3043 1515 3087 contrarium
1543 3054 1617 3082 non
1654 3040 1890 3098 obstantibus
1924 3042 2290 3099 quibuscunque—‚-

200 3106 234 3146 ri
259 3133 275 3154 ‚
308 3119 478 3162 quorum
508 3103 605 3149 unus
636 3108 781 3151 ultimo
806 3110 843 3150 in
868 3123 915 3151 ea
941 3107 1014 3149 suit
1041 3106 1213 3151 tumula—
1278 3107 1407 3147 Roma·
1433 3104 1473 3142 8.
1501 3098 1712 3144 Februarii
1740 3097 1860 3151 1664.

200 3171 268 3204 tus
286 3177 313 3202 .“
333 3165 421 3206 Hac
446 3165 648 3208 occafione
676 3167 823 3210 Clarus
852 3164 1215 3222 Archiepiscopalis

200 3220 400 3263 dictorum
445 3223 740 3278 Religiosorum
783 3225 1001 3267 Ecclefiam
1055 3221 1214 3279 ingredi
1411 3206 1508 3259 M·
1544 3207 1670 3257 Card-
1702 3207 1896 3256 Ginettus
1916 3241 1928 3255 ·

199 3279 411 3334 praetendit
439 3281 488 3322 ad
525 3283 775 3324 recitandum
801 3283 855 3324 ibi
890 3281 1216 3325 Defunctorum..
1904 3289 1909 3295 ‘

201 3336 416 3380 officium.
448 3341 710 3396 Quapropter
734 3343 976 3383 Procurator
1001 3339 1216 3384 Generalis
1618 3339 1664 3378 Ε.
1681 3333 1878 3389 Episcopus
1893 3335 2087 3377 Camerin·
2103 3337 2247 3378 Secrtt.

201 3395 253 3439 ad
279 3397 367 3438 EE.
382 3398 474 3440 VV.
495 3396 648 3440 annexa
671 3398 845 3442 recurrit
869 3398 1074 3454 Scriptura
1089 3429 1104 3450 ,
1124 3410 1218 3452 qua·-

201 3463 317 3497 tenus
343 3453 455 3511 juxta
479 3455 654 3508 multas,
683 3455 763 3513 jam
791 3455 889 3500 alies
906 3468 1108 3500 emanatas
1135 3458 1218 3497 De-
1334 3454 1395 3494 Ex
1434 3450 1586 3506 Regesto
1613 3454 1924 3507 Secret.=·Congr.
1956 3451 2087 3507 mensis
2119 3452 2166 3499 <⁴5
2194 3452 2288 3495 anni

203 3511 367 3556 cifiones
389 3541 405 3567 ,
441 3515 482 3556 &
509 3517 765 3559 summorum
801 3514 1042 3560 Pontificum
1080 3513 1216 3558 Bullas
1378 3510 1563 3565 pra-dibi·

281 3854 284 3857 ’
323 3864 425 3906 Tam.
443 3863 518 3917 ιιι,
1587 3859 1630 3900 Μ
1662 3869 1684 3899 2
2081 3854 2236 3898 NOTA
