2664 4114
985 194 1524 311 Cosentina.
1621 282 1631 286 ,
2125 204 2238 311 ,85

192 317 450 357 Sacramentum
467 311 661 360 praediiium
672 313 776 362 super
791 309 917 348 Altare
936 312 1088 359 praedifiii
1102 313 1262 359 Corporis
1277 313 1402 362 Christi
1414 337 1426 356 ‚
1447 314 1486 348 in
1499 310 1587 347 ditia
1605 312 1742 362 Ecclesia
1743 314 1847 364 fitum
1861 337 1874 356 ‚
1896 323 1936 350 ut
1949 314 2032 360 fieri
2055 311 2144 359 folet„
2165 312 2278 360 repost-

194 363 384 413 tumsuerit
396 386 409 405 ‚
433 362 521 398 idem
534 362 817 410 Archipresbyter
830 356 1164 408 Miffamsolemniter
1177 361 1215 394 in
1231 360 1345 396 eadem
1361 360 1498 410 Ecclesia
1522 372 1596 396 cum
1610 362 1762 398 Diacnno
1785 388 1790 398 ,
1821 363 1863 404 &⁶
1875 357 2090 398 Subdiacono
2110 360 2281 397 celebrare

193 414 337 450 debeant
350 437 360 452 ‚
385 411 429 452 ὠ·
446 420 654 446 teneantur:
680 409 833 457 quodque
849 406 1090 455 Sanffiifflmum
1111 409 1372 445 Sacramentum
1394 408 1590 456 pradiffium
1605 410 1709 457 super
1732 411 1828 459 ipsius
1855 410 1973 446 Altari
1985 435 1995 450 ‚
2020 420 2060 446 ut
2073 409 2281 457 praefertur,

195 461 365 509 repofitum
374 484 387 503 ,
399 458 610 507 Oiiavafelli
624 458 766 506 ejusdem
777 456 936 500 Corporis
950 455 1077 505 Christi
1090 458 1263 504 accipere.
1290 458 1332 498 &⁶
1345 458 1387 493 ab
1402 458 1554 494 omnibus
1566 456 1765 494 Reffioribus
1777 484 1789 499 ‚
1815 459 1858 500 &¹
1882 456 2063 495 Fratribus
2073 483 2086 501 ‚
2110 457 2284 504 aliisun

191 509 262 549 Per
278 510 351 543 onis
366 506 592 554 Ecclesiasticis
610 504 776 553 praedtffis
795 515 814 538 a
840 504 986 540 otiatum
1011 506 1115 541 etiam
1142 505 1450 553 proceffionaliter‚
1475 507 1517 547 &¹
1543 518 1618 542 cum
1640 508 1754 542 debita
1770 507 1980 554 solemnitate
2003 530 2018 551 ‚
2044 507 2089 542 acl
2112 505 2282 553 Ecclefiam

192 554 234 596 S.
287 555 386 592 icolai
398 556 550 604 deferre,
577 555 621 596 &⁴
641 553 773 602 repofito
810 561 892 597 uper
912 553 1005 589 diffie
1019 550 1162 602 Ecclefiae
1178 552 1302 590 Altari
1313 554 1534 590 Sacramento
1552 554 1710 600 praediffo
1719 555 1769 590 ibi
1787 551 1920 604 Miffam
1928 566 1988 602 per
2005 555 2146 590 eundem
2159 553 2286 589 Archi·

187 605 421 654 presbyterum
442 615 517 640 cum
544 600 714 650 Ministris
740 599 908 648 praedirlis
931 601 1083 637 Diacono
1095 625 1108 645 ,
1133 602 1175 642 ὼ·
1201 602 1418 639 Subdiacono
1443 601 1536 636 dieta
1569 601 1710 649 Ecclcfiae
1722 627 1730 639 ,
1756 613 1796 638 ut
1829 605 1868 638 in
1895 604 1981 640 ditio
1996 602 2192 651 Saneiiffimi
2204 602 2286 638 Cor·

190 654 284 702 poris
315 651 445 701 ¹Christi
473 650 554 701 festo
580 649 708 698 fufium
726 649 804 697 fuit
829 672 841 691 ‚
872 648 1105 686 celebrandam
1128 648 1186 698 effe
1209 674 1220 691 ‚
1251 651 1294 690 ὠ·
1320 647 1595 684 ‘Benediiiionem
1619 661 1693 684 cum
1716 651 1826 685 eodem
1852 652 2051 700 Sanc‘iiffimo
2088 652 2288 687 Sacramen-

194 707 231 738 to
238 710 300 750 per
310 700 471 749 eumfieri
485 700 624 740 debere,
648 709 688 734 ac
701 697 790 745 quod
798 698 837 732 in
851 697 945 733 nulla
960 697 1126 734 (libiarum
1135 699 1175 736 S.
1191 698 1317 733 Maria:
1330 695 1561 742 Magdalenae.
1594 695 1637 736 ὠ»
1650 697 1754 732 ‘Divi
1771 697 1915 735 Nicolai
1940 699 2155 744 Ecclefiarum
2173 723 2182 737 2
2206 698 2286 733 dum

190 746 295 800 Miffa
313 747 478 787 Solemnis
498 745 686 784 celebratur
697 769 713 789 ‚
738 742 838 796 Miffa
854 743 1014 795 submiffa
1033 757 1112 781 voce
1126 741 1217 780 nullo
1230 745 1322 780 modo
1337 744 1505 779 celebrari
1522 767 1534 786 ,
1558 743 1705 790 difflique
1719 741 1857 781 Fratres
1867 770 1880 789 ‚
1893 759 1967 782 cum
1979 747 2049 794 ipfiz
2070 745 2288 796 proceffiofiet

197 798 242 833 ab
255 796 370 846 iisdem
391 795 535 845 Ecclefiis
547 819 559 835 ‚
570 794 672 830 donec
685 793 740 831 Mi
766 806 785 829 a
789 794 896 842 finita
904 793 1188 842 fuerit‚recedere
1201 792 1422 840 nequeant3in
1435 789 1515 826 aliis
1529 802 1640 827 autem
1656 792 1798 839 ejusdem
1813 794 1941 841 Oppidi
1957 794 2102 843 Ecclesiis
2113 808 2172 832 nec
2186 791 2288 846 Miffa

198 857 261 881 nec
279 845 348 882 alia
357 845 493 883 Divina
505 843 627 893 officia,
649 842 711 891 nist
721 844 820 891 prius
832 842 948 890 finitis
964 852 1026 890 per
1050 841 1173 877 ditium
1183 839 1527 887 Archipresbyterum
1543 863 1555 882 ‚
1579 841 1622 880 (ἶς’
1633 839 1791 876 Κεῖὶονες
1805 843 1949 877 Divinis
1974 843 2101 889 Officiis
2124 843 2290 880 celebrari

196 892 363 937 valeant,
386 900 427 927 ac
435 888 599 941 praemtffa
620 894 731 926 omnia
741 892 901 939 perpetuo
912 899 974 940 per
988 890 1112 927 elifium
1128 887 1298 938 ‘Joannem
1310 885 1537 937 Franciscum.
1552 890 1746 924 Antonium
1758 912 1771 928 ‚
1793 890 1835 930 (J
1849 884 2008 926 Marcum·
2021 913 2033 931 ‚
2058 904 2097 926 ac
2119 892 2191 939 ejus
2206 893 2292 928 Suc.

193 949 230 977 ce
255 952 326 978 ores
340 939 516 989 observari
532 940 652 977 debere
663 963 676 983 ,
691 951 751 975 nec
766 941 814 975 eis
824 948 885 988 per
901 950 1099 988 quemquam
1112 938 1232 986 quovis
1243 944 1409 978 praetextu
1423 960 1435 980 ‚
1460 946 1523 973 aut
1538 937 1638 984 causa
1653 939 1891 973 contraveniri
1906 937 1991 987 poffe
2007 937 2133 989 statuit
2145 964 2156 982 ‚
2182 941 2223 980 ὠ·
2236 951 2292 976 or-

192 988 352 1033 dinavit,
374 997 479 1037 prout
488 991 528 1025 in·
541 987 676 1038 publico
699 987 837 1036 desuper
851 985 992 1037 conset-io
1004 988 1196 1023 documento
1203 985 1337 1032 plenius
1347 985 1480 1021 dicitur
1494 986 1687 1021 contineri.
1701 986 1823 1036 Qre
1834 995 1896 1033 pro
1902 994 2004 1033 parte
2018 985 2169 1033 &oannis
2183 987 2292 1023 Frani

194 1036 446 1086 cesenam-nia·
455 1060 468 1082 ,
489 1036 659 1079 &Marci
664 1036 898 1084 predictorum
913 1034 1026 1075 Nobis
1032 1035 1108 1082 fuit
1122 1032 1297 1071 humiliter
1302 1032 1531 1080 supplicatum
1547 1060 1552 1066 .
1567 1043 1735 1080 quatenus
1753 1034 1910 1082 statutis,
1928 1035 1972 1075 (ς’
1997 1035 2292 1074 Ordinationibus

189 1085 363 1136 praediffis
376 1086 482 1122 robur
495 1084 688 1135 Apostolicae
700 1082 967 1131 confirmationis
979 1084 1129 1131 adjicere
1140 1082 1183 1118 de
1196 1082 1419 1127 Benignitate
1429 1080 1620 1130 Apostolica
1644 1081 1867 1128 dignaremur
1883 1109 1892 1119 .
2171 1110 2174 1112 .

204 1134 211 1138 ”
291 1132 370 1173 Nos
380 1135 493 1181 igitar
506 1134 655 1170 volentes
664 1134 769 1168 omnis
780 1132 1005 1168 contentionis
1019 1130 1208 1179 occasionem
1228 1128 1345 1165 tollere
1357 1154 1370 1172 ,
1390 1141 1430 1165 ac
1451 1128 1622 1177 ‘Joannem
1638 1128 1868 1178 &amisi-um,
1882 1130 2078 1168 Antonium
2087 1156 2100 1176 ‚
2125 1133 2168 1174 ὠ·
2191 1133 2292 1170 Mar-

191 1193 269 1220 cum
304 1182 453 1218 radietas
465 1205 474 1221 ,
496 1193 536 1216 ac
560 1191 674 1217 eorum
685 1179 866 1227 quemlibet
893 1179 913 1215 ἃ
925 1179 1102 1227 quibusvis
1122 1178 1476 1215 excommunicationis
1488 1178 1559 1219 &a
1572 1175 1629 1218 ’ὅς’
1640 1177 1805 1226 absolutos
1812 1179 1888 1227 fore
1900 1180 2088 1227 censentes,
2099 1180 2291 1229 hujusmodi

180 1230 271 1280 supp
284 1229 492 1266 icationibus
503 1227 665 1264 inclinati
676 1252 685 1268 ‚
693 1227 846 1277 statuta,
872 1228 914 1269 ξφ
932 1226 1180 1263 Ordinationes
1188 1223 1367 1275 praemiffas
1384 1226 1570 1276 Apostolica
1580 1227 1932 1268 Aubioritatenenore
1947 1230 2161 1278 praesentium
2173 1237 2293 1276 appro-

189 1278 307 1315 bamus
320 1301 332 1318 ,
355 1275 662 1323 &confirmamu5,
687 1287 728 1311 ac
741 1287 872 1319 omnes,
894 1276 937 1317 ὠ·
940 1275 1088 1324 singulos
1101 1275 1266 1323 defet‘ius,
1281 1275 1383 1325 siqui
1392 1276 1669 1313 intervenerint.
1695 1277 1735 1310 in
1753 1275 1870 1323 iisdem
1885 1276 2102 1325 supplemus.
2131 1276 2216 1313 Non
2237 1278 2292 1311 ob·

177 1324 355 1376 flantibus
367 1324 671 1374 Constitutionibus
683 1348 697 1368 ‚
722 1325 765 1366 (δ’
775 1324 1068 1361 Ordinationibus
1085 1324 1492 1374 Apostolicis,caeterisque
1507 1325 1694 1360 contrariis
1709 1325 1972 1372 quibrffcumque
1983 1351 1992 1360 .
2016 1324 2122 1363 Nulli
2144 1336 2222 1372 ergo
2236 1324 2294 1360 ho-

187 1373 319 1411 minum
334 1374 438 1410 liceat
449 1372 536 1408 hanc
547 1374 711 1421 paginam
728 1372 842 1423 nostrae
852 1372 1096 1420 absolutionis,
1122 1373 1376 1421 approbationis
1391 1397 1400 1411 ,
1426 1371 1691 1419 confirmationis
1706 1397 1717 1415 ,
1742 1374 1784 1414 (5
1811 1373 2039 1421 suppletionis
2062 1373 2258 1421 infringere
2279 1398 2293 1417 ,

183 1420 246 1458 vet
257 1423 289 1458 ei
308 1422 393 1471 ausu
416 1422 596 1459 temerario
612 1422 805 1458 contraire:
830 1424 855 1459 S
859 1422 872 1456 i
887 1422 965 1470 quis
978 1432 1091 1458 autem
1103 1421 1162 1458 hoc
1186 1431 1360 1458 attentare
1370 1421 1630 1469 praesumpserit,
1649 1421 1922 1467 indignationem
1936 1421 2191 1469 omnipotentis
2205 1422 2293 1463 Dei,

183 1481 226 1506 ac
234 1469 416 1508 Beatorum
430 1470 531 1508 Petra·
542 1470 585 1511 ὠ*
597 1469 701 1507 Pauli
714 1469 943 1520 Apostolorum
956 1471 1026 1519 ejus
1028 1469 1066 1518 fi‘
1077 1471 1215 1506 noverit
1226 1466 1456 1519 incursurum.
1481 1470 1625 1505 ‘Datum
1640 1468 1752 1504 Romae
1771 1470 1862 1518 apud
1885 1471 1923 1506 S.
1943 1471 2102 1506 Marcum
2115 1472 2219 1505 Anno
2237 1470 2294 1504 In-

186 1520 401 1604 carnatlionis
424 1519 611 1556 Dominicae
639 1517 802 1569 millesimo
824 1520 1082 1568 quingentesimo
1096 1517 1301 1567 oiiuagefimo
1311 1518 1486 1566 secundo,
1501 1529 1590 1553 nona
1602 1518 1657 1553 die
1671 1519 1821 1568 Augusti
1843 1518 2074 1565 Pontificatus
2097 1517 2198 1567 nostri
2217 1519 2292 1555 Aa.

182 1577 228 1611 uo
252 1579 301 1604 un
325 1570 427 1606 ecimo
440 1595 451 1604 .

768 1651 1111 1669 -n—n——ffl

1574 1655 1690 1667 ——
1699 1653 2167 1673 ----γ
2172 1657 2287 1668 ...ι-

182 1754 439 1820 Antiquam
471 1749 1026 1802 Domum‘Castrovillarii
1047 1748 1212 1807 vendi,
1273 1760 1384 1796 mus,
1420 1750 1460 1791 &
1488 1748 1754 1800 mandamus,
1786 1759 1981 1805 quatenus
2013 1751 2182 1794 constito
2202 1749 2296 1790 Tibi

253 1822 303 1873 ἃ
339 1839 511 1871 novam
549 1821 743 1870 construi
771 1818 1012 1874 concedit,
1039 1818 1206 1869 offibus

247 1905 540 1941 mortuorum
571 1892 695 1958 prius
727 1891 818 1939 alio
852 1888 1092 1938 translatis.

234 2030 273 2072 A
288 2040 432 2085 tergo:
467 2029 685 2074 Venerabili
711 2031 854 2072 Fratri
870 2026 1157 2085 Archiepistopo

583 2089 783 2148 cofinum
797 2117 809 2129 .

213 2210 635 2281 URBANUS
698 2209 919 2257 PAPA
981 2207 1171 2256 v111.

184 2335 425 2392 linet-abilis
458 2339 605 2380 Frater
622 2333 798 2391 salutem
825 2362 840 2384 ‚
872 2335 920 2382 ω’
952 2333 1205 2391 Apostolicam

525 2393 832 2435 Benedictionem
851 2422 863 2434 .

324 2515 440 2568 Uper
455 2525 526 2566 pro
541 2518 655 2567 parte
672 2509 810 2553 dilecti
822 2510 910 2552 Filii
926 2508 1095 2552 Ministri
1111 2511 1211 2551 Pro-

341 2571 526 2614 vincialis
555 2573 738 2612 Fratrum
766 2570 933 2611 Ordinis
964 2571 1206 2611 minorum-0

176 2630 421 2673 §.francisci
438 2630 742 2684 Capucinorum
756 2637 1094 2682 nuncupatorum,
1105 2630 1206 2667 Pro-

174 2687 312 2730 vinciae
330 2685 577 2738 Cosentinae,
594 2688 723 2729 Nobis
736 2686 961 2741 expolitum
977 2683 1079 2734 fuit,
1096 2683 1204 2739 quod

172 2748 229 2787 de
244 2745 509 2801 Superiorurn
533 2743 717 2787 consensu
740 2758 841 2787 novo
860 2748 1009 2786 Domus
1028 2741 1206 2797 Regula-

174 2805 231 2846 ris
248 2804 488 2845 eorumdem
505 2806 690 2845 Fratrum
715 2803 754 2843 in
774 2805 899 2844 Terra
917 2799 1207 2844 Castrovillarii

174 2857 387 2906 Cassanen.
420 2862 618 2904 Dioecesss
654 2860 875 2902 construesta
895 2858 911 2910 ξ,
944 2857 1007 2899 seu
1037 2858 1208 2898 construi

173 2932 315 2976 coepta
339 2917 417 2964 fuit
431 2947 446 2969 a
478 2919 731 2976 proindeque
747 2946 763 2969 ,
795 2931 885 2959 cum
904 2920 1055 2958 Domus
1075 2918 1209 2969 Regu-

174 2978 270 3021 laris
290 2980 453 3032 antiqua
475 2979 721 3020 dimittenda
747 2976 820 3023 fit,
855 2976 982 3019 Nobis
999 2974 1208 3015 humiliter

176 3036 387 3093 supplicari
404 3036 532 3089 fecit,
561 3049 604 3080 ut
630 3035 699 3077 fibi
720 3034 773 3076 de
799 3035 964 3077 licentia
981 3033 1091 3074 illam
1110 3046 1207 3074 ven-

177 3094 302 3138 dendi
319 3096 536 3151 providere
557 3096 610 3137 de
629 3093 882 3149 benignitate
897 3091 1124 3147 Apostolica
1143 3091 1203 3131 di-

176 3166 397 3210 gnaremur
421 3182 433 3194 .
477 3157 564 3196 Nos
596 3153 719 3207 igitur
750 3152 899 3193 dictum
920 3153 1202 3204 Exponentem

176 3210 414 3268 specialibus
441 3208 646 3254 favoribus
663 3240 678 3263 ,
705 3213 747 3252 &
769 3211 907 3265 gratiis
929 3208 1114 3264 prosequi
1132 3221 1203 3249 vo·

177 3271 313 3314 lentes
328 3297 342 3321 ,
366 3270 406 3310 &
422 3268 442 3309 ὲ
457 3267 661 3324 quibusvis
677 3267 1107 3311 excommunicationis
1121 3267 1199 3307 &c-

176 3322 640 3385 censentes,hujusmodi
657 3326 1009 3381 supplicationibus
1028 3324 1200 3366 inclina-

175 3387 236 3438 n,
269 3387 534 3432 Fraternitati
553 3395 627 3430 tuae
649 3398 722 3442 per
745 3383 955 3441 praesentes
975 3382 1200 3427 committi·

1270 1807 1457 1865 legitime
1495 1808 1547 1851 de
1589 1808 1788 1863 praemiffis
1814 1838 1827 1860 ,
1872 1809 2022 1853 eisdem
2057 1809 2294 1859 Fratribus,

1266 1865 1376 1921 quod
1408 1868 1814 1922 medianteisyndico
1845 1867 2080 1923 Apostolico
2110 1868 2296 1923 praedic‘ta

1266 1928 1421 1966 Domus
1439 1926 1656 1980 Regularis
1670 1927 1831 1980 antiqua
1848 1940 1939 1967 cum
1958 1929 2078 1968 horto
2093 1955 2105 1978 ,
2117 1926 2297 1981 perionis

1266 1982 1482 2024 meliorem
1519 1985 1798 2026 conditionem
1837 1985 2096 2027 offerentibus
2139 1983 2259 2026 vendi
2280 2013 2296 2034 ,

1263 2042 1524 2097 pretiumque
1549 2057 1597 2084 ex
1615 2043 1852 2085 venditione
1867 2042 2092 2097 hujusmodi
2109 2043 2302 2095 redigen-

1265 2100 1361 2142 dum
1380 2100 1419 2141 in
1445 2100 1638 2143 fabricam
1661 2099 1844 2157 ejusdem
1861 2114 1971 2143 novae
1989 2099 2141 2143 Domus
2160 2103 2301 2155 Regu·

1265 2159 1359 2201 laris
1373 2161 1556 2202 converti
1575 2173 1590 2212 ς
1620 2161 1712 2201 &in
1730 2170 1944 2210 eventurn,
1958 2161 1996 2200 in
2015 2174 2136 2215 quem
2151 2159 2300 2202 dietam

1267 2219 1444 2259 Domum
1460 2219 1714 2273 Regularem
1745 2219 1951 2274 antiquam
1973 2220 2154 2273 personis
2167 2223 2301 2261 saecu-

1267 2275 1418 2317 laribus
1444 2278 1561 2320 vendi
1586 2279 1797 2331 contingat
1813 2306 1827 2328 ,
1858 2277 1968 2318 illius
1989 2276 2167 2318 Ecclesia
2185 2277 2298 2331 prius

1266 2335 1534 2390 prophanari,
1564 2337 1602 2377 in
1629 2337 1855 2390 prophanus
1872 2363 1886 2386 ‚
1916 2348 1995 2376 non
2022 2345 2156 2376 tamen
2173 2335 2301 2376 sordi-

1266 2393 1341 2434 dos
1357 2395 1444 2434 usus
1461 2422 1474 2444 ,
1503 2394 1656 2435 Ossibus
1685 2405 1818 2433 tamen
1839 2403 2106 2435 mortuorum
2121 2394 2159 2434 in
2174 2406 2220 2432 ea
2238 2394 2298 2433 se-

1270 2452 1477 2506 pultorum
1491 2451 1582 2492 alibi
1598 2451 1975 2500 collocatis‚reduci
1992 2451 2136 2499 libere,
2151 2452 2187 2489 δι
2207 2450 2298 2491 Πει-

1270 2510 1312 2551 te
1330 2508 1459 2565 possit,
1472 2511 1510 2549 &
1530 2510 1657 2551 valeat
1674 2537 1686 2559 ,
1699 2508 1734 2548 &
1751 2507 1970 2563 respefflve
1987 2509 2297 2557 debeat2autho-

1267 2569 1389 2610 ritate
1414 2567 1542 2609 nostra
1569 2566 1800 2622 Apostoliczi
1830 2566 2037 2608 licentiam
2065 2565 2264 2608 concedas
2281 2594 2296 2616 ,

1266 2629 1303 2668 &
1322 2625 1589 2682 impartiat-is.
1623 2629 1716 2668 Non
1748 2624 1995 2667 obstantibus
2024 2623 2294 2667 Constitutio-

1266 2685 1382 2728 nibus
1395 2711 1410 2734 2
1429 2687 1469 2726 &
1482 2683 1818 2726 ordinationibus
1837 2683 2078 2737 Apostolicis
2091 2710 2105 2731 ·,
2137 2697 2182 2725 ac
2197 2681 2292 2722 dicti

1264 2744 1575 2795 Ordinis,etiam
1592 2742 1819 2797 juramento
1830 2769 1844 2791 ,
1860 2740 2164 2786 confirmatione
2179 2743 2295 2795 Apo-

1268 2801 1433 2850 stolia,
1467 2801 1531 2842 vel
1561 2800 1696 2856 quavis
1729 2798 1922 2841 firmitate
1953 2801 2031 2842 alia
2064 2801 2293 2850 roboratis,

1269 2861 1426 2901 statutis
1438 2886 1452 2909 ,
1482 2860 1521 2899 δε
1534 2857 1891 2900 consuetudinibus
1908 2885 1921 2908 ,
1945 2859 2178 2913 caeterisclue
2191 2872 2293 2900 con-

1270 2916 1401 2959 trariis
1437 2914 1752 2971 quibuscumque
1778 2944 1789 2955 .
1825 2919 1974 2957 Datum
2010 2920 2149 2960 Romae
2181 2914 2290 2969 apud

1269 2981 1309 3019 S.
1325 2978 1493 3017 Petrum
1515 2974 1582 3017 sub
1603 2975 1770 3016 Annulo
1784 2973 1996 3016 piscatoris
2030 2976 2108 3017 Die
2128 2988 2190 3015 1x.
2205 2977 2291 3014 De-

1267 3033 1438 3076 cembris
1457 3046 1730 3076 mccxxxvit.
1764 3031 2029 3075 Pontificatus
2058 3031 2178 3074 nostri
2204 3034 2288 3073 An-

1268 3107 1319 3136 no
1332 3091 1634 3148 decimoquinto
1647 3120 1659 3132 .

1798 3210 1857 3249 Μ.
1873 3209 1924 3248 Α.
1939 3206 2145 3250 Maraldus
2158 3235 2170 3249 .

1319 3328 1379 3369 Ex
1412 3324 1564 3380 Regesto
1608 3327 1750 3366 δεῖνα,
1790 3326 1907 3365 Brea.
1935 3325 2283 3382 Apostolicorum-2,

1376 3382 1492 3444 mens?
1521 3383 1573 3433 ὠ·
1590 3384 1683 3426 anni
1704 3383 1832 3438 praed.
1847 3383 1928 3443 fol.
1950 3399 2020 3440 33.

2118 3785 2220 3826 No-
