2618 4108
881 211 1728 330 Monferratenfis.

2136 224 2297 304 281

249 343 341 376 men
359 329 396 375 in
411 317 550 376 eruce
565 332 618 376 D.
633 335 686 377 Ν.
695 330 786 389 Jefit
800 320 949 376 Christi
965 358 980 381 ‚
995 346 1068 374 nec
1086 335 1277 374 itinerum
1339 335 1603 377 Germaniam
1621 329 1850 375 revertitur
1866 359 1883 382 ‚
1911 337 1958 376 ut
1972 332 2193 388 gravfffima
2209 335 2373 387 negotia

247 391 547 448 longinquitate
564 420 579 444 ,
604 406 740 449 neque
758 388 1034 447 periculorum
1060 391 1175 432 minis
1199 387 1275 433 de·

1339 407 1434 434 cum
1447 389 1629 435 Caesarea
1649 390 1863 447 Majestne
1883 390 2046 434 differat
2060 422 2073 433 .
2104 395 2248 435 Virum
2265 420 2278 442 ‚
2303 394 2374 447 qui

238 451 422 493 'territus
435 451 494 495 est
509 465 690 507 unquam
704 477 719 500 ,
741 451 825 507 q'uo
839 451 968 491 minus
983 460 1127 492 contra
1144 448 1282 492 suren·
1342 451 1512 507 publicae
1529 449 1647 492 saluli
1667 450 1880 492 consulens
1907 454 2106 507 Europam
2124 452 2346 495 illustravit
2357 480 2373 502 ,

236 520 310 552 'tes
334 509 508 554 hostium
535 511 756 567 phalanges
775 536 791 560 ,
817 509 859 550 δι
881 508 1066 552 subdolas
1084 508 1278 565 politico-
1339 512 1381 552 δι
1397 511 1435 552 in
1450 509 1669 565 conspeetu
1686 510 1925 552 Potentium
1942 511 2141 554 mirabilis
2167 510 2268 553 fuit:
2298 509 2375 551 lin-

245 581 336 611 rum
353 568 514 614 infidias
532 570 609 611 Dei
625 566 782 612 caulam
802 578 996 610 tueretur
1012 596 1024 608 .
1061 572 1177 610 Nunc
1204 582 1273 610 au-

243 638 329 670 tem
346 625 576 671 consociate
598 626 760 671 consilia
774 654 789 678 ,
814 625 971 683 jungite
994 641 1135 682 preces
1150 656 1167 678 ,
1195 626 1274 668 mi-

244 687 363 730 litate
396 687 623 737 charitate,
637 684 863 740 distringite
893 684 1075 740 gladium
1107 686 1270 738 salutis,

239 745 269 789 b
284 745 424 790 nobile
442 744 745 802 Religiosorum
763 758 836 800 par
850 772 864 795 ‚
893 755 935 786 ut
963 745 1187 788 Germania
1210 742 1270 788 sa-

239 815 391 857 teatur,
404 804 456 848 ad
470 801 695 848 faciendam
712 803 929 846 vindictam
945 805 983 845 in
1002 804 1270 855 Nationibus‚

239 877 325 907 rnon
338 862 599 908 credentibus
609 888 624 911 ‚
638 876 685 905 ac
702 876 806 905 verae
820 862 933 905 Fidei
947 863 1163 918 imperium
1179 876 1271 918 pro-

239 921 531 979 pugnandum,
554 935 634 964 non
660 921 863 965 minorem
890 920 1015 964 ineffe
1042 921 1120 963 vim
1145 921 1183 962 in
1202 924 1272 964 Sa-

239 980 455 1024 'cerdotum
485 978 662 1023 consiliis
681 1009 696 1031 ‚
727 981 847 1037 quam
875 981 915 1022 in
946 979 1121 1023 militum
1143 980 1267 1022 telis.

241 1041 313 1083 Fr.
330 1039 553 1095 Hyacinthi
574 1039 709 1082 verbis
735 1039 908 1082 eandem
921 1066 935 1088 ‚
960 1052 1079 1096 quam
1096 1037 1236 1081 nostris
1251 1066 1267 1090 ,

240 1096 365 1143 fidem
379 1095 460 1141 else
472 1097 653 1155 cupimus
667 1126 682 1150 ,
710 1098 777 1155 qui
794 1099 1010 1141 societatis
1029 1099 1122 1140 Tuae
1134 1096 1267 1140 laudi-

240 1158 318 1201 bus
346 1155 531 1201 faventes
544 1186 559 1210 ,
586 1156 732 1200 eximia
751 1156 822 1198 hac
838 1157 879 1198 in
896 1170 940 1200 re
954 1154 1091 1199 solatia
1108 1158 1131 1199 ὲ
1148 1157 1265 1199 ΤΕ..)

240 1214 515 1272 exspectamus
529 1246 545 1267 ,
557 1216 623 1257 cui
642 1213 918 1271 Apostolicam
934 1213 1268 1256 Benedid’tionem

237 1275 509 1331 impartimur.
527 1276 678 1316 Datum
697 1274 835 1314 Romae
850 1271 953 1328 apud
971 1274 1186 1315 &Petrum
1196 1273 1273 1314 διε.

242 1333 318 1377 ’δῖε
332 1346 399 1378 xx.
421 1331 575 1389 Aprilis
596 1345 820 1375 mncxxtv.
842 1328 1109 1376 Pontificatus
1134 1331 1271 1377 Nostri

237 1394 362 1436 Anno
383 1392 543 1449 primo.

294 1512 357 1554 Ex
372 1509 549 1555 Archivo
561 1508 754 1567 prediaeo
766 1539 781 1552 .

914 1650 1264 1670 m

504 1746 684 1805 Eodem
714 1761 988 1827 argumento
1007 1783 1021 1803 ,

238 1837 240 1840 -
271 1866 429 1911 Ditem
446 1868 551 1911 Filio
567 1896 582 1919 ‚
599 1867 736 1911 Nobile·
756 1870 843 1911 Viro
858 1895 873 1919 ‚
899 1869 1053 1923 ‘Joanm'
1066 1868 1243 1915 olderico

401 1925 580 1980 Rincipi
602 1927 648 1967 de
661 1926 942 1981 Eccbembergh
955 1955 971 1977 ‚
985 1926 1119 1982 primo

440 1983 628 2040 Caesbreae
638 1983 1069 2042 MajestattsMinistro.

233 2102 722 2158 URBANUS
788 2104 1014 2157 PAPA
1068 2106 1270 2156 VIII.

295 2219 452 2264 Dilefle
467 2219 550 2265 Fui
558 2246 573 2269 ‚
590 2217 744 2262 NobiIt's
764 2222 831 2264 Viv-
841 2221 1034 2276 ,salutem
1047 2221 1203 2280 &Apo-

481 2277 664 2337 stolicam
679 2279 986 2323 Benedimonm
997 2309 1011 2323 .
1072 2314 1074 2316 .

354 2394 504 2440 Onfilia
520 2395 761 2440 Nobilitatis
778 2398 873 2439 Tuae
891 2398 1093 2443 habentur
1106 2399 1144 2444 in
1160 2402 1270 2443 Ger-

375 2456 503 2498 mania
518 2453 694 2512 praesidia
710 2456 938 2514 Religionis
955 2471 968 2500 ε
993 2458 1108 2515 hujus
1124 2459 1265 2516 gloriae

235 2513 585 2573 pulchritudinem
605 2513 630 2556 si
646 2513 900 2559 adamaveris
914 2544 930 2567 ‚
946 2530 1023 2560 non
1037 2521 1117 2560 erit
1135 2518 1269 2569 certe,

237 2589 316 2617 cur
340 2586 514 2631 unquam
529 2574 806 2618 Authoritatis
823 2577 920 2618 Tuae
938 2578 1163 2620 Romanum
1183 2579 1269 2619 Im-

237 2634 398 2690 perium
412 2632 642 2688 poeniteatt
667 2631 909 2676 seditionum
931 2649 1076 2691 parens
1090 2665 1105 2688 ,
1127 2635 1270 2678 &bel-

235 2693 372 2736 lorum
395 2691 532 2735 nutrix
552 2720 566 2742 ‚
591 2691 745 2734 haerefis
759 2721 775 2744 ,
804 2692 873 2735 nili
893 2693 1112 2751 aliquando
1131 2694 1268 2751 oppri-

234 2759 397 2800 matur,
411 2751 453 2793 in
469 2748 619 2793 affiduo
634 2760 744 2794 motu
765 2753 918 2808 Regnis
930 2753 1011 2797 istis
1024 2755 1107 2796 erit
1124 2755 1267 2796 viven-

235 2812 334 2853 dum
348 2841 361 2851 .
392 2807 518 2852 Affuit
533 2809 608 2865 piis
626 2811 900 2865 Imperatoriae
924 2809 1181 2856 fortitudinis
1194 2825 1266 2855 co·

234 2870 397 2914 natibus
415 2869 678 2911 Exercituum
692 2869 890 2912 Dominus
902 2899 919 2922 ,
934 2872 974 2912 δι
989 2870 1266 2926 perduellium

235 2927 521 2972 haereticorum
538 2927 748 2970 calamitas
765 2927 911 2972 docuit
925 2958 940 2981 ‚
965 2930 1086 2985 quam
1101 2928 1267 2983 fragiles

234 2989 309 3030 {int
325 2988 625 3031 Haereticorum
648 2987 840 3042 triumphi
858 3000 871 3030 ε
902 2989 1108 3044 postquam
1129 2988 1270 3029 inimi-

238 3060 382 3091 corum
407 3045 649 3089 Nostrorum
678 3044 886 3089 audaciam
907 3046 1160 3090 deterruere
1186 3047 1269 3089 haec

238 3106 355 3150 Coeli
370 3118 445 3161 pro
460 3107 651 3148 Romano
667 3105 848 3161 imperio
871 3105 1084 3150 militantis
1111 3103 1270 3147 benefi-

239 3164 304 3207 cia
322 3194 339 3216 ,
356 3177 429 3220 par
444 3164 503 3207 est
515 3193 530 3216 ,
554 3163 785 3219 Principum
805 3162 980 3207 sortibus
995 3164 1170 3208 consiliis
1185 3177 1268 3207 non

238 3223 368 3267 modo
390 3222 611 3276 custodiri,
640 3219 711 3265 sed
736 3224 862 3266 etiam
886 3225 1058 3280 augeri:
1092 3237 1268 3279 neque)

240 3282 350 3326 enim
365 3293 437 3330 eos
454 3280 590 3324 decet>
606 3280 799 3337 fatigari,
828 3297 928 3338 quos
953 3282 1174 3326 clariffimae
1206 3281 1270 3323 vi-

241 3342 378 3384 etoriae
395 3338 657 3383 recrearunt:
686 3339 727 3382 id
747 3341 982 3398 intelligens
1007 3341 1176 3384 dilectus
1202 3341 1271 3383 Pio

241 3401 351 3451 lius,
381 3396 614 3454 Religiosus
643 3399 842 3442 Sacerdos
865 3427 880 3451 ‚
912 3401 981 3443 Er.
1006 3401 1267 3455 Hyacinthus

241 3458 466 3509 Casalenns
480 3488 496 3510 ,
521 3459 784 3516 Capucinus,
809 3457 1003 3503 mandato
1020 3458 1172 3508 Nostro
1196 3459 1267 3504 iri-0

362 3873 464 3915 Tom-
487 3874 561 3915 m.

1343 567 1476 625 gulari
1503 568 1765 610 humanitate
1793 568 1817 609 li
1847 571 2146 624 complectatur
2165 569 2372 612 Nobilitas

1338 625 1705 682 Tua‚&omni‚qu;i
1718 627 1950 683 potest,ope
1969 629 2372 680 muniat,communia

1332 684 1472 729 solatia
1486 684 1654 738 augebit
1678 687 1860 741 paternis
1886 686 1964 727 illis
1994 687 2337 731 sollicitudinibus
2354 717 2371 740 ,

1331 757 1432 800 quas
1447 741 1674 787 Pontificiae
1694 745 1820 786 menti
1834 746 2055 788 Germania
2083 748 2243 801 semper
2268 761 2372 790 con-

1333 801 1471 854 ficiet,
1495 800 1595 844 dum
1627 815 1721 843 eam
1738 801 1941 846 bellorum
1970 806 2184 859 agitabunt
2211 817 2279 847 aut
2307 804 2371 847 fu·

1334 862 1426 911 riae,
1445 870 1515 903 aut
1530 860 1648 903 minae
1664 890 1675 901 .
1705 861 1882 904 Tantum
1899 872 2033 905 autem
2054 866 2119 905 Fr.
2138 864 2364 918 Hyacinthi

1335 919 1562 977 prudentia*
1578 947 1592 971 ,
1614 934 1660 962 ac
1677 918 1822 973 pietati
1837 919 2051 963 tribuimus
2068 950 2082 972 ,
2109 932 2153 964 ut
2169 922 2257 978 ejus
2276 937 2373 966 ver.

1332 980 1395 1022 bis
1413 977 1589 1035 perinde
1603 1004 1618 1026 ,
1643 991 1689 1019 ac
1707 976 1867 1020 Nostris
1880 1007 1896 1029 ,
1924 980 2039 1022 credi
2059 980 2232 1023 velimus
2247 983 2268 1023 εὶ
2284 985 2372 1026 Νο-

1328 1039 1494 1081 bilitate
1510 1038 1597 1080 ‘rua
1614 1065 1629 1088 ,
1655 1036 1717 1079 cui
1736 1037 2006 1092 Apostolicam
2025 1040 2085 1080 Be
2095 1039 2371 1084 nedictionem

1328 1096 1751 1152 impartimur.Datum
1769 1097 1910 1138 Romae
1926 1095 2031 1152 apud
2052 1099 2093 1139 S.
2112 1100 2277 1140 Petrum
2290 1103 2371 1144 &c.

1329 1157 1398 1199 die
1420 1169 1487 1197 xx.
1505 1154 1663 1210 Aprilis
1691 1168 1790 1198 nnc
1803 1168 1937 1198 xxiv.
1964 1153 2234 1200 Pontificatus
2249 1159 2371 1203 nostr-i

1334 1219 1457 1260 Anno
1482 1214 1641 1272 primo.

1395 1336 1458 1377 Ex
1475 1331 1648 1376 Archt‘vo
1656 1332 1847 1387 pradiHo
1860 1362 1874 1378 .

1613 1571 1790 1622 Eodem
1810 1587 2085 1640 argumento
2100 1610 2114 1624 .

1332 1687 1372 1730 A
1394 1695 1538 1746 tergo:
1570 1690 1656 1734 Ven.
1670 1689 1848 1740 Fratri,
1879 1690 2016 1732 Paridi
2027 1719 2043 1744 ,
2072 1690 2367 1750 Archia-pisiam

1694 1747 2005 1805 salisburgensi.

1331 1868 1821 1923 URBANUS
1887 1870 2111 1920 PAPA
2167 1874 2367 1922 VIII.

1392 1984 1633 2032 Venerabilis
1645 1986 1973 2044 Frater-Jblutem
1991 1987 2040 2036 θ’
2051 1987 2307 2045 Apssolicam

1631 2079 1635 2083 .
1676 2043 1985 2088 Benedtffionem
1998 2074 2011 2087 .

1407 2166 1450 2207 N
1481 2162 1625 2220 quibus
1659 2165 1918 2221 Regionibus
1949 2163 2149 2210 stabilitur
2178 2168 2334 2212 haerefis
2352 2199 2367 2222 ‚

1422 2233 1624 2267 venenata
1638 2222 1883 2266 seditionum
1907 2224 2082 2267 monstra
2096 2228 2249 2271 crebro
2274 2243 2370 2285 pro-

1332 2283 1562 2337 gignuntur
1583 2294 1596 2326 t
1622 2282 1818 2326 excubias
1843 2296 1944 2338 ergo
1968 2295 2092 2338 agere
2118 2284 2268 2328 affiduc
2293 2287 2370 2330 de-

1333 2340 1435 2381 bent
1453 2367 1467 2391 ,
1484 2340 1627 2395 quibus
1643 2341 1807 2396 publica
1824 2340 1926 2384 salus
1940 2344 2262 2387 commendatur.
2279 2348 2367 2389 Nos

1333 2397 1453 2441 certe
1465 2397 1686 2452 Pontificiae
1703 2401 1850 2442 mentis
1864 2400 2003 2446 oculos
2016 2402 2040 2446 ὲ
2055 2403 2281 2446 Germaniae
2295 2418 2366 2460 pe-

1332 2456 1478 2500 riculis
1496 2471 1578 2500 non
1594 2457 1872 2511 deflectimus,
1897 2472 2032 2514 neque
2046 2461 2154 2503 enim
2167 2462 2369 2516 postumus

1332 2516 1374 2559 in
1392 2514 1628 2572 Apostolica
1641 2517 1751 2560 Sede
1772 2517 2062 2575 conquiescere
2076 2549 2091 2570 ,
2118 2520 2185 2561 nis·
2204 2519 2246 2562 in
2265 2522 2366 2566 Pro-

1333 2575 1480 2618 vinciis
1495 2573 1574 2618 istis
1591 2576 1759 2632 Religio
1778 2576 2032 2633 triumphet,
2055 2580 2095 2620 &
2109 2592 2185 2634 pax
2199 2580 2363 2626 floreat.

1331 2634 1588 2690 Ablegamus
1602 2635 1710 2682 obid
1725 2635 1776 2678 ad
1791 2637 2098 2693 Imperatoriam
2113 2637 2367 2693 Maiestatem

1330 2692 1533 2736 dilectum
1551 2694 1700 2738 Filium
1715 2724 1731 2746 ‚
1759 2692 2012 2751 Religiosum
2037 2698 2338 2741 Sacerdotem-2
2350 2725 2367 2749 ‚

1332 2754 1403 2796 Fr.
1432 2754 1716 2809 Hyacinthum
1749 2753 2006 2798 Casalonsem
2025 2784 2039 2807 ,
2071 2759 2327 2812 Capucinum
2349 2786 2367 2809 ‚

1331 2826 1455 2868 quem
1481 2812 1730 2855 nobiliffimae
1751 2813 2002 2863 Provinciae,
2035 2816 2074 2857 &
2101 2815 2365 2871 potentiffimi

1331 2870 1545 2927 Principes
1571 2871 1710 2913 mirati
1737 2872 1826 2914 sunt
1851 2881 2065 2916 tonantem
2093 2874 2259 2930 eloquio
2280 2901 2295 2924 ,
2326 2877 2366 2916 &

1334 2928 1478 2984 gladio
1505 2927 1646 2972 salutis
1678 2940 1940 2974 contumaces
1964 2932 2181 2988 impiorum
2206 2934 2364 2989 spiritus

1336 2996 1628 3030 exteri-entem
1644 2987 1788 3043 :hujus
1803 2990 2013 3032 conatibus
2028 2992 2210 3046 cupimus
2225 2992 2365 3047 praesto

1334 3042 1415 3087 effe
1429 3047 1743 3093 Authoritatem
1759 3047 2042 3091 Fraternitatis
2058 3050 2170 3101 Tuae,
2184 3064 2269 3106 qua:
2283 3063 2366 3093 non

1333 3103 1428 3147 leve
1448 3104 1579 3149 Nobis
1595 3105 1782 3149 solatium
1796 3105 1990 3162 praebebit
2002 3133 2016 3155 a
2041 3107 2065 3149 fi
2082 3108 2120 3150 ei
2132 3109 2367 3164 Sacerdoti,

1335 3163 1792 3207 maximisPontificibus
1807 3163 2167 3220 gratiffimmfidem
2182 3169 2365 3223 habebit,

1332 3223 1373 3269 &
1386 3236 1481 3266 eam
1494 3251 1509 3275 ‚
1536 3236 1657 3279 quam
1673 3224 1825 3279 poterit
1841 3252 1856 3276 ,
1881 3236 2002 3279 opem
2017 3223 2248 3281 adjunxerit
2262 3257 2275 3269 .

1396 3284 1554 3324 Datum
1570 3283 1710 3326 Roniae
1724 3282 1833 3334 apud
1861 3286 1900 3326 S.
1915 3284 2081 3325 Petrum
2097 3285 2175 3328 διε.
2205 3285 2275 3329 die
2291 3301 2360 3331 xx.

1332 3340 1493 3398 Aprilis
1509 3355 1734 3385 mocxxtv.
1761 3339 1951 3386 Pontific·
1974 3341 2093 3389 nostri
2108 3346 2189 3390 An.
2203 3346 2360 3403 primo.

1389 3462 1450 3519 1:⁸³5
1465 3457 1640 3507 Archlvo
1657 3459 1851 3515 prandii-70
1865 3487 1879 3506 .

2218 3868 2302 3909 Eo-
