2774 4088
414 291 469 355 x
794 247 2016 346 PROSEGvTIO

343 381 524 471 quod
567 400 612 446 c.
651 394 934 444 coeterum
973 396 1029 455 3.
1081 370 1154 438 de
1192 370 1490 459 Rescript.
1537 370 1927 463 Rescriptum
1950 428 1956 434 .
1979 370 2314 438 secundum
2363 371 2489 439 de„-

334 476 552 569 primo
594 472 983 537 mentionem
1023 487 1156 530 non
1196 463 1427 532 faciens
1457 513 1474 540 ,
1525 467 1762 532 nullum
1801 467 2181 540 declaretur3
2218 466 2486 531 limitan-

338 570 491 634 dum
530 583 732 632 autem
771 559 856 624 est
893 558 1021 625 hoc
1059 558 1426 650 Capitulum
1462 560 1541 626 ad
1579 582 1869 625 normam
1907 563 2006 626 eit.
2041 582 2084 625 c.
2120 558 2194 624 Si
2228 576 2484 627 autem-³

342 658 422 728 &²
454 682 497 725 c,
518 659 912 749 plerumque,
950 653 1010 719 &
1044 652 1523 740 intelligendum
1553 649 1940 743 Rescriptum
1968 651 2339 728 secundum,
2359 653 2486 743 pri-

338 775 509 819 mum
544 771 678 814 non
713 743 1244 821 memorans‚efle
1267 745 1602 818 caducum,
1638 743 1682 811 fi
1719 752 2088 836 Impetrator
2112 745 2282 810 flium
2323 747 2488 810 inter

342 865 574 909 annum
615 838 900 905 exhibuit
924 888 939 914 ,
979 837 1078 906 {eu
1114 837 1535 929 praesentavit.
1582 839 1757 905 Nota
1797 854 1999 906 autem
2039 841 2231 929 digna
2273 837 2359 903 est
2397 860 2489 903 re-

340 932 565 1010 flexiO,
602 934 776 1023 quod
807 930 1193 1022 Rescriptum
1227 934 1499 1022 primurn
1521 981 1537 1008 ‚
1571 948 1720 999 tunc
1749 934 1943 999 solum
1978 935 2044 1000 vi
2079 933 2178 999 lua
2206 931 2488 1004 destitua-

340 1044 472 1103 tur,
506 1028 765 1117 quando
799 1024 1199 1093 effefflveab
1222 1023 1600 1091 Adversario
1632 1027 1717 1092 est
1747 1024 2076 1093 obtentum
2109 1025 2486 1101 secundum,

339 1122 485 1185 alias
524 1143 654 1187 non
691 1121 841 1187 dato
877 1120 1120 1186 realiter
1142 1118 1412 1186 secundo
1435 1169 1451 1195 ,
1494 1121 1767 1209 primum
1809 1118 1895 1184 est
1930 1137 2340 1209 perpetuum,
2363 1117 2486 1202 jux-

338 1230 398 1279 ta
430 1230 665 1280 textum
695 1211 1065 1303 fingularem
1102 1216 1136 1280 l.
1149 1213 1319 1302 falso
1352 1213 1741 1304 afflveratur
1782 1237 1826 1280 c.
1848 1212 1918 1279 de
1940 1212 2170 1300 divers
2186 1210 2487 1298 Rescript-

337 1309 639 1399 duratque
673 1325 849 1373 tanto
880 1326 1168 1396 tempore
1194 1357 1209 1382 ,
1251 1325 1488 1399 quanto
1521 1309 1700 1374 durat
1733 1308 1897 1373 actio
1929 1304 2112 1375 causae
2137 1355 2154 1383 ,
2188 1304 2272 1370 ob
2296 1326 2487 1395 quam

337 1400 735 1490 impetratum
785 1402 871 1466 est
904 1451 918 1467 .
965 1400 1358 1467 Praesentatio
1407 1417 1611 1469 autem
1658 1401 1965 1489 Rescripti
2011 1423 2144 1466 non
2185 1397 2487 1490 probatur

336 1516 450 1582 per
488 1491 879 1559 aflertionem
914 1494 1154 1575 judicis
1184 1541 1201 1567 ,
1238 1492 1338 1558 seu
1373 1497 1735 1560 Executoris
1759 1547 1776 1573 ,
1810 1492 1922 1559 nifi
1959 1497 2127 1562 auus
2160 1493 2486 1582 <praesenta-

335 1589 526 1654 tionis
558 1585 628 1652 fit
661 1588 912 1651 extense
945 1582 1202 1674 scriptus
1224 1634 1240 1661 ,
1282 1587 1342 1650 81
1376 1584 1767 1675 Rescriptum
1811 1588 2196 1675 originaliter
2231 1589 2299 1652 in
2334 1585 2484 1651 aeffis

339 1680 724 1769 registratum
749 1726 762 1745 .
809 1680 978 1746 Rota
1012 1677 1186 1764 decis
1220 1701 1359 1761 142.
1389 1701 1552 1745 num.
1582 1702 1635 1742 2.
1669 1695 1842 1766 part.
1881 1703 1934 1745 2.
1981 1679 2185 1771 potest
2218 1697 2486 1745 tamen.»

336 1772 587 1866 probari
652 1795 764 1861 per
826 1772 1004 1839 testes
1039 1817 1055 1838 .
1120 1771 1405 1845 Eadem,
1436 1771 1634 1859 Decill
1672 1795 1822 1856 153..
1869 1796 2033 1841 num.
2075 1795 2171 1858 17.
2214 1789 2386 1861 part.
2433 1793 2484 1852 5.

335 1885 479 1937 tom.
513 1890 559 1934 1.
608 1866 859 1932 Recent.
1942 1924 1947 1930 ,

519 1957 837 2047 Rescripta
862 1958 1104 2045 gratiae,
1136 1958 1196 2026 ἃ
1236 1961 1315 2025 ad
1355 1957 1657 2026 beneficia
1680 2009 1699 2037 ,
1744 1946 2084 2027 ter’minum
2131 1959 2479 2047 temporiS,

333 2057 493 2134 intra
541 2053 715 2142 quod
758 2049 1108 2141 praesentari
1158 2051 1393 2118 debent
1423 2102 1440 2130 ,
1484 2053 1790 2145 prefixum
1843 2077 1974 2120 non
2014 2050 2247 2119 habent
2275 2099 2292 2127 ,
2339 2076 2481 2118 cum

335 2147 692 2237 regulariter
734 2143 853 2210 sint
890 2160 1192 2237 perpetua
1221 2194 1238 2221 ‚
1286 2148 1447 2213 adeo
1480 2196 1499 2223 ‚
1545 2165 1610 2212 ut
1658 2172 1775 2214 nec
1823 2164 2026 2233 morte
2055 2147 2481 2221 ,concedentis

336 2245 456 2328 (ut
492 2238 649 2307 insta
681 2239 761 2303 de
796 2262 1015 2304 eorum
1058 2240 1387 2305 duratione
1427 2242 1714 2332 dicetur)
1764 2240 2072 2331 exspirent
2096 2290 2112 2317 ‚
2154 2242 2214 2306 ἃ
2250 2240 2316 2303 in
2349 2239 2480 2324 jure

335 2335 666 2423 vestigium
706 2333 785 2396 de
826 2334 1069 2424 prefixo
1113 2332 1468 2418 hujusmodi
1503 2348 1791 2425 tempore
1832 2359 1962 2403 non
1997 2335 2370 2424 reperiatur.

515 2426 732 2492 Arctat
776 2443 986 2490 tamen
1034 2426 1094 2490 81
1143 2426 1306 2492 hanc
1352 2423 1744 2492 assertionem
1791 2427 1956 2493 casus
1996 2428 2130 2492 doli
2181 2426 2242 2491 ἃ
2280 2427 2477 2513 negli-

333 2522 561 2616 gentiae
595 2520 822 2607 lupinae
859 2522 961 2585 vel
997 2518 1328 2585 notabilis:
1366 2522 1538 2596 doli,
1578 2522 1675 2586 cui
1708 2543 2034 2612 nunqnam
2078 2520 2473 2585 favendum-2

332 2615 457 2689 est3
496 2612 895 2701 negligentia:
923 2657 940 2686 ,
981 2634 1114 2701 quae
1159 2615 1225 2677 in
1265 2613 1466 2703 specie
1502 2614 1850 2705 prejudicat
1890 2611 2216 2702 Rescriptis
2255 2615 2334 2678 ad
2374 2610 2477 2677 be-

331 2706 559 2772 neficia
591 2732 606 2774 z
656 2705 808 2772 hinc
848 2704 915 2771 in
958 2706 1149 2771 Curia
1185 2707 1509 2784 Romana,
1550 2709 1805 2798 quando
1849 2712 1980 2776 dua:
2019 2706 2197 2796 litere
2242 2705 2475 2771 benefi-

330 2801 515 2866 ciales
551 2800 631 2863 ad
672 2799 936 2862 eandem
985 2796 1316 2866 Ecclesiam
1358 2802 1652 2894 expedite¹
1692 2800 1829 2867 sunt
1860 2852 1875 2879 ‚
1914 2803 2120 2892 prime
2156 2801 2471 2889 quidem-2

331 2894 603 2963 retinent
647 2888 816 2956 suam
851 2891 985 2956 vim
1021 2909 1237 2960 contra
1278 2891 1574 2961 secundas
1596 2944 1612 2971 ,
1649 2893 1963 2963 verificata
1998 2910 2206 2959 tamen
2246 2893 2468 2959 condi-

332 2989 615 3054 ditione:
656 2983 983 3050 *dummodo
1021 3000 1239 3055 tamen
1278 2987 1446 3054 dolus
1499 2989 1618 3055 tibi
1666 2988 1701 3073 (
1728 2990 1975 3075 priores
2014 2990 2266 3054 litteras
2302 2985 2454 3052 obti-

334 3083 570 3167 nenti)
613 3100 736 3144 non
761 3075 929 3165 poffit
949 3127 965 3154 ,
1000 3080 1102 3145 vel
1137 3080 1431 3148 notabilis
1472 3082 1862 3170 negligentia
1892 3082 2234 3170 imputari.

516 3173 938 3254 Qandonam
967 3190 1175 3238 autem
1208 3177 1347 3267 quis
1381 3177 1448 3242 in
1489 3173 1926 3269 praesentandis
1962 3173 2301 3265 Rescriptis
2337 3198 2468 3263 gra-

334 3263 500 3335 tiosis
539 3265 928 3354 praesumatur
977 3269 1303 3361 negligens
1330 3318 1346 3346 ‚
1389 3271 1481 3358 jus
1529 3294 1663 3336 non
1699 3269 1920 3336 definit
1954 3319 1979 3346 ,¹
2017 3271 2075 3334 ὃ(
2121 3267 2267 3331 ideo
2311 3267 2465 3332 illud

335 3356 588 3426 arbitrio
637 3358 773 3423 Viri
831 3362 1136 3453 Sapientis
1183 3365 1243 3429 ὃς
1289 3365 1511 3454 probi,
1560 3365 1661 3429 vel
1700 3365 1934 3445 Judicis
1973 3361 2267 3452 relinquit
2298 3359 2462 3445 Gtofl

315 3452 401 3541 sa
442 3450 508 3512 in
556 3470 601 3517 c,
634 3451 708 3516 Si
749 3449 1012 3520 Clericus
1058 3479 1116 3523 v.
1158 3456 1538 3545 negligenter
1558 3506 1576 3533 ,
1624 3458 1731 3551 qui
1774 3459 1834 3524 8<
1874 3455 2146 3549 inspecta
2182 3450 2460 3518 Personae

335 3541 624 3634 qualitate
647 3592 662 3618 ‚
702 3545 826 3609 loci
854 3548 1168 3628 distantia,
1204 3552 1443 3619 ratione
1484 3551 1667 3620 causae
1696 3553 1806 3621 &o
1839 3549 2057 3639 justum
2093 3546 2337 3639 semper
2370 3546 2462 3633 ju-

336 3634 569 3705 dicium
612 3633 879 3703 formare
920 3645 1185 3730 poterit.

520 3729 610 3796 Ea
646 3773 662 3803 ²
711 3751 845 3821 ‘1¹²ae
895 3733 1470 3832 interpretationem
1510 3730 1981 3839 Rescriptorum
2030 3736 2421 3895 concerniglnt
2441 3780 2463 3825 ²,

2196 3852 2319 3919 apu
