2664 4114
356 284 360 289 ’
451 262 506 348 6
1083 244 1613 339 Provincia

270 379 458 430 servantes
477 375 674 424 Reformau'
700 372 797 411 haud
817 367 941 419 procul
959 366 1129 416 aedt'ficare
1157 368 1367 411 intendunt,
1388 369 1472 405 mihi
1495 364 1730 406 intimandum
1754 363 1948 403 commisere
1964 388 1978 411 ,
2006 367 2252 418 quatenus-sub
2266 368 2408 418 poenis}

278 440 365 478 quas
381 427 624 463 convenientes
644 422 885 473 judt'caverit,
910 416 1010 454 ditiis
1039 415 1106 454 FF.
1122 417 1336 475 Kefar-‘matis
1355 418 1559 466 praeeipu'at,
1587 425 1628 453 ut
1651 418 1673 452 ἄ
1697 425 1880 453 memorata
1898 415 2110 463 fundacione
2137 418 2277 465 penitus
2293 418 2400 467 absti-

279 486 408 516 neann
441 476 483 516 ὼ·
499 474 532 523 st
554 472 639 522 quid
664 470 761 508 aliud
784 475 1005 510 occurreret,
1030 466 1103 503 ΕΕ.
1128 467 1306 521 Domnr‘s,
1332 468 1393 514 qui
1421 467 1543 514 vigore
1560 463 1779 567 pagentium
1799 475 1927 502 omnem
1950 465 1999 503 ad
2022 464 2085 504 boc
2106 463 2324 519 neceffariam
2336 478 2400 507 au.

281 525 473 564 &oritatem
493 522 744 570 impertiuntur
763 541 779 561 ,
792 513 1006 567 fignfficabit
1019 541 1029 552 .
1052 513 1231 556 Maneat
1251 516 1385 564 sanus.
1411 514 1527 554 Roma
1554 527 1610 554 ιι.

963 621 1028 660 Ad
1043 621 1218 671 placitum
1232 649 1242 660 .

849 673 1094 728 cardinalis
1120 672 1166 723 S.
1182 674 1354 742 Onupb.

1653 512 1720 564 ulii
1748 521 1850 566 ¹⁶33·

1710 793 1761 837 A.
1789 792 2052 839 Torniellus.'

372 913 512 964 Exemp·
529 912 569 949 in
598 910 711 953 Arch.
743 912 831 952 Gen.
855 912 950 952 ord.
965 911 1135 952 Armarro
1154 909 1340 950 Provincia
1366 907 1598 961 Hydruntlna.

277 1147 540 1197 Terrenum
586 1141 644 1192 ad
692 1138 903 1191 Mensam
951 1138 1309 1209 Episcopalem„
1370 1139 1647 1182 Mercatorem
1673 1136 1818 1181 fide&
1842 1133 2104 1179 facultatibus
2119 1135 2314 1180 idoneum
2332 1139 2410 1180 de..

351 1217 604 1267 Alexanen.
627 1214 849 1281 pertinens
866 1249 882 1271 ,
908 1230 993 1281 pro
1017 1214 1151 1262 horto
1181 1229 1308 1263 novae

349 1284 531 1337 Domfis
556 1288 769 1334 Fratrum
798 1283 972 1335 ibidem
995 1283 1178 1334 alienari
1204 1300 1309 1334 con-

349 1359 471 1407 cedit
487 1392 500 1406 .

314 1487 749 1543 URBANUS
807 1487 1019 1538 PAPA
1073 1486 1274 1535 VIII.

471 1616 539 1657 Ad
554 1613 750 1675 futuram
780 1620 840 1660 rei
870 1622 1095 1659 memoriam
1109 1644 1123 1658 .

377 1735 513 1789 Xponi
543 1735 669 1778 Nobis
694 1749 822 1791 nuper
843 1733 941 1779 fecit
970 1734 1150 1779 Dilectus
1180 1733 1303 1778 Filius

405 1795 579 1849 jacobus
606 1794 626 1836 a
653 1796 925 1839 Castellaneta
948 1822 962 1844 a
998 1794 1179 1836 Minister
1206 1798 1302 1836 Pro·

278 1853 461 1895 vincialis
492 1855 674 1895 Fratrum
698 1856 862 1899 Ordinis
891 1856 1096 1897 Minorum
1124 1858 1164 1895 S.
1183 1854 1308 1894 Fran-

1370 1209 1573 1253 ponantur
1589 1226 1603 1249 ‚
1628 1211 1702 1239 nec
1729 1197 1852 1247 inde,
1872 1194 1941 1236 nisi
1957 1199 2009 1238 ad
2029 1196 2215 1239 effectum
2244 1197 2313 1239 illa
2337 1197 2408 1239 in,

1369 1257 1594 1298 utilitatem
1623 1256 1767 1298 mensae
1787 1253 2033 1311 Episcopalis
2068 1257 2266 1313 praediciae
2290 1255 2410 1299 inve-

1367 1315 1537 1367 stiendi,
1562 1315 1744 1357 amoveri
1772 1314 1914 1370 poffint
1932 1342 1944 1355 .

1430 1376 1586 1417 Datum
1606 1377 1743 1416 Romae
1771 1374 1875 1429 apud
1905 1375 2092 1416 sanctam
2118 1373 2290 1416 Mariam
2318 1376 2410 1415 Ma-

1371 1432 1501 1488 iorem
1533 1435 1603 1476 sub
1629 1432 1795 1475 Annulo
1834 1432 2048 1475 piscatoris
2083 1433 2153 1475 die
2183 1446 2250 1475 ιι.
2279 1436 2408 1474 Osto-

1370 1492 1770 1594 grizoMDCXXWH·
1815 1489 2083 1535 pontificatus
2118 1490 2255 1535 Nostri
2288 1496 2408 1535 Anno

1907 1612 1967 1654 M.
1986 1611 2036 1653 A.
2049 1608 2259 1653 Maraldus
2275 1637 2289 1651 .

1428 1735 1489 1777 Ex
1517 1727 1672 1786 Regesto
1703 1727 1869 1771 Arche‘m’
1895 1731 2126 1770 secretaria
2151 1733 2269 1770 Brev.
2301 1733 2411 1785 Apoa

1469 1789 1700 1847 stolicorum
1726 1787 1846 1845 mens:
1870 1786 1919 1836 (ff
1946 1786 2042 1829 armi
2062 1788 2191 1843 praed.
2207 1782 2290 1846 fol.
2312 1789 2410 1832 106·

278 1913 372 1953 eisci
401 1913 702 1966 Capucinorum
719 1926 1042 1969 nuncupatorum
1057 1943 1072 1964 ,
1090 1911 1310 1954 Provinciae
1373 1923 1986 1945 ——·-—·.---.-....-

279 1971 533 2026 Hydruntin.
551 2000 566 2024 2
592 1973 700 2028 quod
726 1975 843 2015 multi
867 1974 1065 2016 Civitatis
1082 1971 1312 2014 Alexanen.

276 2029 432 2073 Incolae
449 2028 562 2071 fitum
581 2045 654 2086 pro
672 2029 873 2075 fundanda
891 2033 990 2074 inibi
1006 2045 1081 2074 una
1109 2030 1221 2086 ipfius
1236 2032 1314 2071 Or-

279 2089 388 2131 dinis
404 2089 598 2142 Regulam
621 2093 778 2141 Domo,
792 2090 1018 2134 accedente
1032 2091 1154 2132 etiam
1170 2089 1219 2131 ad
1238 2089 1314 2130 hoc

283 2150 396 2191 Ven.
424 2147 576 2188 Fratris
610 2146 796 2203 Episcopi
828 2150 1054 2191 Alexanen.
1083 2146 1276 2191 consensu
1298 2176 1314 2199 ,

284 2203 565 2249 concelserunt
583 2234 597 2257 ‚
624 2205 782 2262 jamque
801 2207 954 2250 Domus
971 2207 1195 2264 hujusmodi
1224 2204 1315 2248 fun-

281 2267 471 2309 damenta
488 2264 586 2320 justa
602 2265 710 2307 sunt.
735 2269 842 2309 Cum
864 2280 1000 2310 autem
1017 2295 1030 2315 ‚
1054 2266 1149 2308 sieut
1169 2267 1311 2308 eadem

283 2322 483 2379 expolitio
501 2322 789 2380 subjungebat,
818 2326 956 2368 hortus
980 2325 1174 2369 sufficiens
1201 2325 1311 2379 juxta

287 2383 403 2438 ipfius
439 2380 594 2424 Domus
622 2384 896 2427 neceffitatem
921 2400 999 2429 non
1029 2385 1126 2427 adfit
1152 2413 1165 2436 ,
1195 2385 1234 2425 δι
1259 2384 1311 2426 ad

282 2444 362 2485 hoc
381 2470 394 2492 ‚
427 2451 469 2483 ut
500 2440 588 2486 fieri
611 2442 757 2498 poffit,
784 2455 897 2486 certa
925 2445 1130 2501 quantitas
1156 2442 1311 2486 terreni

277 2500 328 2543 ad
348 2499 520 2544 mensam
538 2500 817 2558 Episcopalem
835 2503 1060 2545 Alexanen.
1081 2503 1312 2559 spectantis,

280 2558 432 2603 valoris
460 2559 498 2602 in
540 2562 795 2616 proprietate
826 2562 1151 2619 vigintiquinque
1178 2560 1310 2603 scuto·

284 2633 372 2662 runi
396 2630 567 2662 monetae
591 2618 804 2664 necessaria
831 2620 875 2662 sit
891 2651 906 2672 ‚
935 2622 1065 2663 Nobis
1090 2630 1311 2675 propterea

282 2678 408 2720 dietus
422 2679 593 2734 Jacobus
613 2679 824 2721 humiliter
840 2678 1055 2735 supplicari
1072 2678 1167 2721 fecit
1185 2707 1198 2730 ,
1213 2694 1311 2734 qua-

280 2747 398 2779 tenus
420 2735 615 2791 desuper,
643 2748 685 2779 ut
711 2736 814 2780 infra
830 2767 842 2789 ‚
866 2738 1096 2794 opportune
1120 2738 1309 2794 provide·

281 2810 326 2838 re
354 2795 407 2836 de
438 2795 689 2850 benignitate
708 2796 938 2853 Apostolica
966 2797 1254 2853 dignaremur.

342 2856 427 2894 Nos
455 2853 577 2908 igitur
606 2855 717 2898 dietae
736 2854 886 2899 Domus
911 2856 1212 2900 neceffitanbus
1238 2856 1311 2899 itt,

284 2910 486 2969 praemiffis
511 2913 740 2968 prospicere
754 2945 767 2968 ,
791 2917 999 2972 ipsumque
1013 2916 1207 2971 Jacobum
1226 2914 1314 2972 spe·

285 2970 456 3013 cialibus
475 2971 553 3013 ἃς.
570 2972 753 3016 volentes
768 3003 782 3024 ‚
809 2977 845 3015 &
869 2976 887 3019 ὲ
911 2974 1113 3026 quibusvis
1130 2976 1207 3016 διε.
1225 2988 1317 3016 cen·

286 3032 444 3079 sentes,
473 3028 698 3081 huiusmodi
721 3032 1077 3087 iupplicationibus
1105 3034 1317 3083 inclinati,

287 3089 423 3130 eidem
443 3088 641 3143 Fpiscopo
657 3119 671 3141 ‚
697 3091 803 3145 quod
829 3090 973 3133 solutis
993 3088 1315 3146 vigintiquinque

289 3148 410 3189 scutis
441 3147 667 3199 praedietis,
697 3150 962 3204 quantitatem
996 3152 1150 3191 terreni
1184 3148 1315 3204 hujus-

287 3206 397 3246 modi
414 3204 521 3246 diuo
543 3209 688 3260 Iacobo
704 3208 752 3250 ad
769 3207 953 3254 effectum
973 3207 1203 3264 praemissum
1219 3222 1316 3250 con-

289 3262 468 3309 cedere,
501 3264 628 3307 libeze
653 3267 692 3307 ἃ.
717 3264 829 3309 licite
859 3268 1022 3318 valeat,
1050 3266 1312 3321 Apostolica„

291 3320 528 3361 auctoritate
540 3350 553 3373 ,
567 3333 710 3366 tenore
730 3324 984 3378 praesentium
999 3325 1205 3367 licentiam
1221 3339 1316 3366 con-

286 3377 469 3419 cedimus
492 3379 531 3418 &
557 3380 835 3435 impartimur.
864 3389 959 3427 Non
979 3383 1224 3425 obstantibus
1243 3381 1313 3427 fel.

288 3448 375 3476 rec.
400 3434 511 3475 Pauli
539 3439 619 3485 ¹¹„
645 3441 680 3479 &
710 3440 879 3484 aliorum
911 3444 1186 3484 Romanorum
1211 3444 1317 3488 Pon-

288 3491 447 3533 tili-<um
479 3494 808 3540 Praedecefforum
838 3501 1078 3543 Nostrorum
1111 3501 1164 3542 de
1196 3501 1317 3545 rebus

288 3549 478 3592 Fcclesiae
493 3564 570 3592 non
597 3552 817 3597 alienandis
832 3588 847 3608 ,
868 3559 1034 3614 aliisque
1049 3559 1317 3602 Constitutio-

289 3607 408 3649 nibus
428 3636 441 3657 ,
468 3608 506 3648 δι
521 3608 852 3657 Ordinationibus
871 3618 1113 3671 Apostolicis
1130 3646 1141 3667 ,
1168 3632 1214 3660 ac
1238 3621 1318 3661 Ec-

285 3664 410 3707 clefiae
432 3664 655 3707 Alexanen.
679 3670 800 3712 etiam
826 3675 902 3715 διε.
930 3675 1134 3719 roboratis
1159 3675 1315 3722 statutis

284 3726 325 3764 ἃ
344 3723 723 3776 consu‘mdinfbuss
737 3732 981 3785 caeterisque
999 3734 1214 3775 contrariis
1230 3735 1316 3787 qui·

287 3782 524 3836 buscunque
537 3809 548 3821 ·
570 3782 764 3825 Volumus
780 3791 1039 3844 autem3qu0d
1057 3792 1315 3847 vigintiquin-

286 3853 366 3895 que
394 3839 501 3883 scuta
531 3839 717 3897 praedic‘ta
730 3858 855 3899 penes
872 3847 998 3891 aedem
1029 3851 1177 3893 sacram
1191 3878 1215 3905 Ι,
1246 3848 1316 3895 seu

1379 2026 1524 2081 Aliud
1556 2029 1816 2080 Terrenum
1846 2024 1903 2075 ad
1936 2023 2122 2074 eandem
2158 2021 2412 2076 Mensam,

1450 2096 1768 2168 Episcopalem
1811 2096 2007 2166 spectans
2053 2113 2137 2164 pro
2170 2099 2329 2148 Horto
2363 2098 2410 2146 in

1447 2169 1722 2223 beneficium
1751 2168 1949 2233 ejusdem
1982 2163 2162 2216 Domfis
2193 2171 2412 2218 Fratrum

1448 2244 1695 2312 permutari
1725 2241 1982 2290 committit
2000 2272 2015 2286 .

1471 2367 1689 2415 Venerabili
1713 2369 1859 2413 Fratri
1884 2366 2068 2427 Epifiopo
2099 2367 2317 2411 Alexanen.

1425 2490 1852 2546 URBANUS
1909 2488 2113 2536 PAPA
2167 2487 2366 2535 VIII.

1414 2617 1646 2664 Venerabilis
1679 2620 1829 2662 Frater
1840 2615 2018 2672 salutem
2043 2613 2092 2662 θ’
2123 2611 2385 2670 Apostolum

1389 2690 1393 2693 “
1725 2674 2031 2719 Βεηεόιὲῗίοησοη
2043 2701 2056 2714 .

1478 2795 1616 2850 Xponi
1641 2794 1770 2838 Nobis
1794 2805 1922 2849 nuper
1950 2791 2048 2835 fecit
2077 2791 2259 2835 Dilectus
2284 2790 2410 2834 Filius

1436 2887 1470 2908 a
1509 2856 1693 2896 Minister
1726 2851 1992 2897 provincialis
2023 2852 2215 2894 Fratrum
2240 2851 2410 2901 Ordinis

1379 2915 1586 2955 Minorum
1613 2918 1654 2957 S.
1684 2912 1887 2956 francisci
1916 2912 2224 2966 Capucinorum
2253 2923 2411 2952 nuncu·

1378 2984 1584 3028 patorum,
1600 2974 1824 3015 Provinciae
1839 2969 2109 3026 Hydruntinae
2122 3000 2137 3022 ,
2152 2967 2261 3024 quod
2277 2996 2292 3020 ,
2313 2981 2410 3011 cum

1379 3045 1453 3073 una
1484 3034 1638 3074 Domus
1667 3032 1884 3086 Regularis
1910 3030 2006 3071 dieti
2032 3028 2198 3072 Ordinis
2222 3029 2261 3069 in
2287 3027 2412 3070 Ciri-

1381 3101 1467 3133 tate
1495 3092 1728 3133 Alexanen.
1757 3103 1884 3146 prope
1908 3090 2112 3143 quoddam
2136 3085 2410 3130 Territorium

1382 3148 1528 3191 Mensae
1546 3150 1792 3205 Episcopalis
1808 3148 2033 3191 Alexanen.
2059 3146 2234 3189 construi
2258 3156 2379 3201 cepta
2393 3171 2410 3196 ,

1381 3206 1550 3264 parsque
1575 3208 1753 3264 ejusdem
1772 3207 1991 3248 Territorii
2010 3207 2124 3248 dictae
2149 3205 2298 3247 Domui
2321 3203 2411 3246 val-

1377 3267 1433 3308 de
1458 3265 1668 3309 necessaria
1698 3265 1743 3308 fit
1759 3293 1772 3317 ,
1789 3264 1870 3320 ipse
1883 3267 2104 3320 quemdam
2131 3265 2297 3307 hortum
2321 3276 2411 3304 mu·

1378 3325 1431 3367 ris
1464 3326 1635 3367 cinctum
1667 3325 1716 3367 ad
1751 3325 1896 3367 dietam
1925 3326 2102 3367 Domum
2133 3322 2408 3379 spectantem,

1374 3385 1414 3424 δι
1443 3395 1549 3435 iuxta
1567 3380 1866 3426 aestimationem
1893 3383 1947 3424 de
1973 3383 2047 3426 illo
2072 3384 2096 3427 εὶ
2119 3381 2297 3440 personis
2312 3393 2408 3435 pra-

1380 3443 1491 3483 &icis
1524 3441 1664 3489 factam
1699 3442 1846 3484 valoris
1875 3443 1915 3485 in
1948 3442 2203 3497 proprietate
2234 3449 2406 3481 centum

1378 3501 1576 3543 &decem
1593 3531 1606 3553 ,
1631 3502 1752 3544 annui
1780 3503 1880 3544 vero
1895 3499 2048 3543 reditus
2075 3499 2139 3542 sex
2161 3497 2403 3539 ducatorum

1379 3560 1465 3602 auri
1489 3561 1541 3602 de
1557 3565 1730 3603 (lamera
1746 3589 1759 3611 ‚
1792 3574 1865 3615 pro
1882 3559 2129 3602 Territorio·
2146 3555 2404 3609 hujusmodi,

1377 3618 1487 3672 quod
1517 3629 1702 3674 apertum
1725 3633 1769 3662 ac
1795 3618 2096 3661 seminatorium
2113 3643 2128 3666 ‚
2160 3615 2405 3672 triumque„-

1379 3676 1689 3722 Tumulatarum
1725 3680 1862 3726 Terrae
1895 3676 2080 3721 mensurae
2112 3675 2274 3716 istarum
2306 3688 2403 3731 par-

1377 3735 1476 3775 tium
1491 3763 1504 3785 ‚
1528 3735 1678 3777 valoris
1695 3739 1833 3779 autem
1847 3737 1887 3778 in
1912 3734 2163 3790 proprietate
2178 3732 2288 3788 juxta
2307 3732 2404 3775 aesti-

1378 3793 1594 3835 mationem
1625 3795 1674 3837 ab
1706 3794 1854 3848 eisdem
1889 3792 2066 3849 personis
2100 3793 2225 3835 etiam
2261 3794 2404 3837 factam

1376 3853 1594 3908 nonaginta
1617 3853 1860 3915 ducatorum
1883 3853 2067 3912 similium
2091 3852 2222 3896 existit
2239 3880 2254 3904 ,
2273 3853 2343 3954 gf,
2359 3860 2405 3895 ut

2248 3924 2269 3953 a
2303 3923 2346 3954 e-
