2716 4042
792 168 836 254 1
889 166 1211 260 S‘AyG
1267 172 1339 260 O
1400 173 1476 259 G
1532 179 1600 262 E
1658 178 1759 265 S„
2120 185 2305 266 xxiii

262 292 343 356 de
390 287 669 352 Decretis
707 288 829 352 late
875 286 935 350 &
975 287 1321 378 improprie
1366 288 1622 380 sumptis
1688 295 2171 382 intelligendum
2226 293 2343 361 effe
2367 332 2388 371 ·,

264 405 435 448 reor.
843 433 846 437 .
1215 426 1232 436 .
1940 437 1942 441 .

448 474 782 538 Rationem
831 470 1081 536 Decreti
1130 470 1597 541 differentialem
1650 480 1732 541 ita
1789 482 1996 544 datam
2038 480 2104 543 in
2144 478 2389 567 lugubri

267 568 564 656 exemplo
605 560 937 651 expressam
977 566 1318 641 intuemur,
1365 567 1410 631 fi
1446 571 1525 631 ad
1557 567 1856 633 nascentis
1885 573 2100 637 mundi
2139 574 2391 637 incuna-

267 659 409 726 bula
444 657 669 723 mentis
701 653 918 720 nostrae
962 655 1249 720 obtutum
1294 660 1688 722 revolvamus
1718 708 1734 734 ,
1782 660 2018 750 fuitque
2068 663 2194 753 ipse
2220 666 2391 729 locus

268 753 626 822 deliciarum
667 796 684 822 ‚
723 744 1029 811 Paradisus
1050 795 1068 821 ‚
1116 743 1316 810 feralis
1350 748 1762 837 catastrophes
1795 754 2104 819 theatrum
2126 806 2141 832 ‚
2189 758 2247 821 &
2282 758 2393 821 Di-

270 847 412 914 vini
437 841 666 925 Judicis
694 839 974 904 tribunal.
1006 839 1130 903 Vix
1159 839 1331 902 enim
1363 841 1620 905 callidus
1655 841 1897 930 serpens
1924 850 2122 910 Evam
2147 851 2206 912 8<
2226 849 2393 912 Ada-

272 959 448 1005 mum
498 934 716 1000 dolosa
772 931 951 997 suada
1008 931 1086 994 ad
1140 931 1320 995 vetiti
1367 930 1599 996 fructus
1644 935 2085 1000 comestionem
2140 941 2393 1003 induxe-

271 1048 398 1105 rat,
444 1031 615 1091 Deus
645 1025 736 1111 jus
767 1026 1034 1090 dicturus
1066 1041 1281 1086 contra
1308 1024 1742 1112 delinquentes
1777 1027 1912 1114 post
1943 1030 2267 1094 meridiem
2299 1053 2394 1094 ac·

273 1119 441 1189 ceffit
464 1169 480 1195 ,
512 1121 720 1185 Adam
754 1118 1007 1189 citavit,
1028 1115 1293 1190 dicenS,
1342 1114 1463 1179 Ubi
1508 1119 1607 1181 es?
1654 1118 1929 1206 quaesivit
1976 1143 2047 1182 ex
2082 1143 2158 1184 eo
2183 1122 2239 1185 8<
2265 1122 2396 1185 Eva

271 1211 511 1280 causam
549 1205 1105 1300 praevaricationi8‚
1153 1208 1483 1297 auditaque
1522 1209 1769 1290 illorum
1812 1213 2181 1299 exceptione
2215 1261 2231 1286 ,
2277 1236 2397 1300 qua

272 1307 480 1371 Adam
526 1303 771 1391 culpam
810 1302 877 1365 in
915 1303 1150 1373 Evam,
1188 1301 1248 1363 8(
1283 1299 1413 1362 haec
1451 1299 1517 1364 in
1559 1299 1906 1391 serpentem
1954 1304 2162 1388 rejecit
2191 1353 2206 1377 ,
2254 1306 2399 1368 rela-

271 1399 444 1463 xavit
473 1398 810 1460 Decretum
835 1443 873 1474 ,ι
899 1411 1031 1458 turn
1062 1393 1372 1482 AdamO„
1397 1407 1525 1455 tum
1566 1396 1716 1478 Evae
1744 1443 1761 1469 ‚
1808 1412 1939 1459 tum
1979 1396 2241 1485 strpenti
2280 1420 2398 1485 pae-

271 1513 382 1555 nas
420 1491 486 1554 in
522 1489 578 1551 S.
612 1488 935 1577 Scriptura:
969 1479 1270 1573 expreflas
1319 1482 1579 1549 dictavit
1609 1534 1624 1561 ‚
1688 1485 2030 1577 statumque
2071 1492 2252 1554 caufae
2296 1488 2398 1554 ab-

277 1583 496 1649 solvit.

458 1676 645 1740 Circa
677 1675 942 1740 Decreta
976 1686 1183 1735 tamen
1227 1668 1421 1759 Curie
1465 1669 1796 1746 Romanae,
1844 1672 1903 1735 ἃ
1942 1673 2254 1765 presertim
2297 1676 2397 1739 Sa·

278 1790 515 1834 crarum
550 1771 864 1850 Congreg.
885 1762 1232 1824 notandum
1270 1763 1568 1838 occurrit,
1610 1765 1820 1851 quod,
1859 1766 2087 1831 etiamli
2110 1769 2173 1830 in
2198 1765 2395 1842 sensu,

267 1861 348 1924 ..in
389 1880 517 1949 quo
565 1856 828 1946 quilibet
873 1855 1039 1918 actus
1075 1853 1415 1942 Principis,
1457 1857 1568 1918 vel,
1602 1857 1946 1944 Superioris
1978 1908 1994 1934 ‚
2043 1858 2396 1924 facultatem

269 1949 627 2038 delegatam
663 1949 739 2015 ab
777 1971 855 2014 eo
897 1945 1215 2021 habentiS,
1235 1949 1431 2032 juxta
1461 1946 1533 2012 L.
1577 1950 1907 2036 ambitiosa
1935 1949 2017 2037 ff
2061 1951 2132 2016 de
2161 1951 2393 2029 Decrrte

273 2043 353 2109 ab
393 2042 549 2109 Ord.
579 2039 744 2129 facil.
779 2043 852 2108 L.
889 2043 1040 2107 item
1079 2062 1286 2106 eorum
1326 2045 1376 2121 ᾧ.
1423 2037 1794 2107 Decuriones
1808 2039 1890 2129 ff
1921 2043 2085 2133 quod
2118 2045 2395 2132 cujzgl'que

261 2138 498 2204 *univer
517 2157 576 2211 z,
625 2139 962 2201 Decretum
1002 2133 1223 2198 dicitur
1244 2181 1259 2208 ‚
1302 2133 1451 2198 vere
1470 2134 1731 2200 Decreta
1755 2133 1905 2212 fint,
1937 2137 2157 2201 &talia
2179 2135 2393 2226 paffim

271 2245 712 2318 nuncupentur
751 2277 768 2304 ,
828 2226 1238 2291 nihilominus
1286 2244 1497 2292 tamen
1552 2227 1885 2315 aliquoties
1943 2230 2159 2294 statum
2209 2229 2394 2295 causa:

273 2345 409 2387 non
442 2323 780 2387 terminent
815 2368 832 2395 ,
886 2320 1373 2408 contineantque
1412 2319 1710 2385 duntaxat
1752 2339 1900 2387 vota
1944 2323 2343 2386 consultativa
2375 2371 2391 2397 ,

267 2416 556 2503 adeoque
588 2411 851 2486 decifi0,
892 2410 982 2476 >ob
1003 2430 1360 2480 contentam
1384 2413 1449 2475 in
1486 2408 1927 2498 supplicatione
1958 2416 2208 2504 materie
2248 2438 2392 2502 qua-

269 2509 505 2573 litatem
541 2554 559 2580 ,
613 2508 672 2570 δι
715 2503 798 2569 ob
836 2502 1183 2568 facultatem
1227 2507 1402 2591 Papae
1434 2501 1796 2567 reservatam
1820 2552 1837 2578 ,
1874 2503 1950 2568 ab
1979 2506 2120 2569 Hoc
2163 2509 2392 2594 depen-

274 2601 418 2666 deat
436 2648 449 2662 .
462 2600 827 2689 Exemplum
848 2598 952 2661 dat
977 2592 1141 2660 casus
1159 2595 1546 2659 alienationis
1566 2645 1581 2671 ,
1596 2599 2068 2685 permutationis
2085 2596 2398 2676 bonorumv

270 2685 829 2759 Ecclesiasticorum
849 2691 959 2758 ἃς.
992 2712 1116 2778 que
1153 2689 1217 2751 in
1246 2690 1388 2759 Sac.
1428 2690 1788 2776 Congregat
1823 2688 2296 2780 Episcoporum,
2330 2692 2389 2753 &

266 2785 672 2873 -Regularium
702 2779 951 2856 discuti,
1001 2783 1059 2842 ὃ(
1095 2782 1253 2844 circa
1283 2803 1469 2867 quam
1494 2786 1725 2845 attenta
1774 2781 2036 2870 Ecclefie
2085 2784 2341 2847 utilitate
2369 2829 2386 2856 ,

268 2876 458 2968 usque
489 2877 567 2940 ad
606 2892 834 2939 certam
866 2873 1165 2936 summam
1201 2870 1543 2934 faciendam
1587 2871 1842 2937 facultas
1882 2872 1956 2936 ab
1997 2872 2124 2960 ipsa
2161 2878 2382 2938 Sacra„

270 2969 781 3057 Congregatione
817 2961 1293 3036 conceditur3fi
1329 2976 1530 3026 autem
1576 2963 1803 3029 summa
1842 2962 2183 3028 facultatem
2220 2964 2382 3029 suam

270 3063 512 3127 excedit
535 3111 550 3136 ‚
582 3058 913 3150 respondet
955 3057 1210 3146 quidem
1248 3077 1365 3143 pro
1397 3055 1591 3144 gratie
1633 3053 2051 3128 conceffione‚
2093 3055 2194 3118 sed
2218 3056 2379 3120 hanc

269 3172 383 3243 per
418 3155 651 3219 Bullam
682 3155 791 3217 &a
829 3150 1108 3239 expediri
1139 3145 1340 3230 jubet.
1373 3147 1545 3210 Idem
1577 3150 1883 3233 contingit
1917 3149 1980 3210 in
2007 3149 2182 3210 Sacra
2206 3149 2377 3211 Con,

268 3247 631 3336 gregatione
676 3239 1311 3309 Eminentiffimorum
1356 3241 1775 3303 Dominorum
1817 3239 2237 3303 Cardinalium
2278 3242 2376 3303 Sa·-

269 3341 357 3405 cri
393 3338 665 3402 Concilii
708 3335 1065 3402 Tridentini
1110 3339 1523 3418 interpretum
1555 3379 1571 3405 ,
1615 3355 1745 3419 quae
1785 3353 1834 3393 e.
1876 3353 1932 3416 g.
1975 3332 2038 3394 in
2073 3331 2375 3419 dispensa-

267 3435 439 3498 tione
488 3429 661 3517 super
707 3427 1121 3492 Matrimonio
1174 3443 1466 3511 tanquam
1508 3442 1641 3487 rato
1671 3472 1685 3497 ‚
1740 3423 1799 3485 ἃ
1846 3445 1976 3485 non
2014 3423 2373 3488 consumato

270 3526 538 3593 rationes
569 3523 832 3612 partium
870 3520 1201 3608 ponderat,
1236 3518 1294 3580 ὃ(
1334 3536 1450 3603 pro
1483 3536 1553 3578 ea
1586 3514 1986 3579 concedenda
2021 3515 2334 3580 arbitratur
2355 3563 2371 3589 ,

269 3639 403 3686 non
457 3636 694 3683 tamen.
726 3615 889 3680 illam
932 3611 1275 3701 imper-titur
1309 3656 1326 3683 ,
1364 3605 1468 3673 fed
1501 3605 1771 3673 rescribit
1805 3632 1822 3670 ε
1863 3608 2369 3788 ι[ὶιρρίιῐειιηῗίὲζω

2181 3720 2212 3762 e
2253 3720 2291 3764 e
