2664 4114
923 187 1581 342 Hydrunt'inci.

191 359 271 403 que
306 341 521 387 contrariis
556 341 869 401 'quibuscunque
900 355 996 387 cum
1028 343 1215 391 claululis

191 415 428 462 opportunis
450 431 464 454 ,

249 522 391 565 FIAT
414 522 489 563 UT
505 524 567 563 PE
576 520 732 563 TITUR
753 521 800 560 H.
820 516 904 572 (ide
939 519 1186 573 ,Hippolytus
1199 547 1214 571 ,

307 591 382 632 quo
408 580 555 620 nomiae
576 592 638 619 ceu
661 577 880 619 Cardinalzs
900 577 1114 618 vocabatur
1130 579 1215 620 Cle-

305 649 407 678 mens
425 639 495 678 PP.
508 636 610 680 Vm.
628 650 673 677 ex
692 635 864 678 Familia
878 635 1213 693 Aldobrandina.)

233 756 292 797 Et
306 753 428 795 etiam
443 766 534 796 cum
547 750 863 802 absolutione,ac
876 749 923 792 ad
937 749 1122 793 effefflum
1135 750 1213 792 &c-

198 813 252 856 de
267 811 450 860 licentia,
466 807 717 852 conceffione
729 838 743 859 ,
759 808 990 858 erectione,
1006 809 1220 851 institutio·

193 884 245 913 ne
262 871 342 911 &c·
377 882 464 923 quae
497 867 563 909 hic
588 879 662 922 pro
696 864 921 921 singillatim
951 867 1137 923 repetitis
1167 864 1219 907 ad

191 938 352 984 partem
367 926 617 976 habeantur,
636 933 678 966 ut
699 927 812 980 supra
829 954 843 976 ‚
870 927 1096 980 perpetuo,
1110 926 1149 965 &
1164 923 1215 965 ad

187 994 428 1043 perpetuam
445 985 509 1026 rei
521 985 761 1026 memoriam
779 985 816 1026 in
835 983 960 1026 forma
977 982 1101 1040 grossa
1119 995 1213 1024 cum

191 1042 469 1102 prohibitione
484 1070 499 1094 ,
526 1044 567 1084 ὃ(
591 1041 761 1084 aliorum
784 1042 1097 1098 quomodolibet
1116 1054 1216 1081 con-

188 1101 408 1146 trariorum
423 1110 648 1155 opportuna
663 1101 928 1155 derogatione
941 1102 1017 1141 διε.
1036 1102 1088 1141 Et
1104 1111 1214 1139 com-

189 1161 378 1204 mittatur
391 1158 639 1209 Ordinatio,
667 1161 707 1200 &
733 1159 812 1200 fine
835 1157 1004 1213 alicujus
1026 1154 1209 1212 praejudi-

166 1220 255 1270 >*tio
267 1220 346 1260 &c-
380 1216 590 1259 Romaeid.
605 1216 817 1260 Februarii
838 1218 957 1258 Anno
973 1229 1016 1256 vi
1033 1228 1046 1255 1
1061 1228 1096 1255 1.

1001 1273 1141 1316 FIAT
1154 1273 1209 1315 H.

243 1331 455 1389 Exemplar
481 1327 526 1373 in
540 1331 710 1375 Archivo
728 1329 952 1375 Provinciae.

417 1466 904 1490 ——OE-—q-
1097 1468 1211 1483 ..-

185 1576 244 1625 In
273 1570 484 1621 Civitate
516 1569 711 1619 Oritana
740 1586 906 1618 novam
922 1573 1128 1618 Domum
1154 1565 1212 1616 ad

255 1639 482 1690 instantias
509 1641 866 1690 Communitatis
895 1640 1039 1707 erigi,
1061 1638 1108 1688 ἃ
1133 1655 1209 1686 12.

257 1714 437 1759 Fratres
468 1727 574 1758 cum
602 1706 817 1759 fruitione
856 1709 1209 1777 privilegiorum

176 1791 180 1798 “
257 1778 307 1831 ὃ(
330 1779 723 1847 Indulgentiarum
747 1779 938 1829 Ordinis
967 1781 1013 1828 in
1042 1797 1092 1828 ea
1125 1779 1210 1826 in.»

253 1862 526 1918 perpetuum
546 1849 744 1898 habitare
759 1850 967 1898 concedit
978 1885 990 1897 .

184 1965 223 2008 Ά
239 1972 383 2019 tergo:
427 1962 641 2007 venerabar·
660 1967 692 2007 F
695 1968 803 2005 ram·
821 1963 999 2021 Episcopo
1024 1965 1182 2006 Oritan.
1194 1988 1210 2010 ‚

286 2025 364 2080 stu
390 2021 527 2066 dilefflo
544 2021 650 2065 Filio
664 2023 743 2079 ejus
765 2020 1092 2081 inspirasualibas

513 2082 662 2124 Vtcare‘o
680 2083 865 2124 Generale'
877 2111 890 2123 .

187 2200 694 2252 CLEMENS
770 2202 987 2250 PAPA
1059 2201 1212 2249 VIII.

189 2323 430 2379 ‚Venerabilis
455 2327 629 2372 Frater,
651 2324 722 2378 stu
751 2324 885 2366 dileffe
915 2324 995 2366 Fili
1009 2325 1182 2381 salutem
1195 2351 1211 2373 ,

367 2382 420 2432 (θ’
438 2383 692 2439 Apostolicam
711 2381 1011 2424 Benedift‘ionem
1025 2410 1038 2423 .

303 2499 416 2555 Xigit
433 2500 560 2555 pietas
575 2525 588 2548 ,
613 2514 656 2542 ac
676 2498 880 2555 singularis
897 2498 1130 2543 devotionis
1152 2497 1212 2541 af-

319 2558 443 2602 feetus
460 2587 474 2607 ‚
499 2573 582 2614 quo
610 2559 747 2599 dilecti
781 2558 867 2600 Filii
895 2560 1208 2608 Communhas,

187 2621 228 2660 &
243 2618 437 2660 Homines
453 2616 645 2658 Civitatis
660 2617 820 2657 Oritan.
839 2616 877 2658 in
896 2616 1106 2658 Provincia
1122 2619 1209 2669 Hy-

114 2717 119 2720 .
188 2675 374 2718 druntin.
406 2677 574 2716 Beatum
612 2675 860 2716 Franciscum
889 2672 1167 2717 Consefforem
1194 2702 1209 2724 ,

186 2733 351 2790 ejusque
369 2734 626 2786 Religionem
651 2732 975 2788 prosequuntur,
1003 2741 1046 2773 ut
1070 2745 1210 2773 eorum

188 2793 269 2850 piis
303 2793 403 2833 votis
434 2790 622 2845 praedietae
652 2789 879 2846 Religionis
911 2791 1210 2834 incrementum

190 2850 526 2906 respicientibus,
552 2857 743 2902 quantum
770 2862 860 2890 cum
885 2850 1059 2890 Domino
1081 2847 1210 2903 potsu-

190 2924 301 2959 ωας,
335 2909 509 2950 libenter
524 2919 740 2947 annuamus
755 2935 767 2947 .

248 2970 356 3009 Cum
385 2967 521 3020 itaque
537 2992 550 3014 ,
581 2965 678 3005 ficut
703 2978 780 3019 pro
803 2974 916 3016 parte
939 2962 1212 3007 eorumdem„

190 3024 506 3069 Communitatis
531 3024 571 3063 ὃ(
594 3024 814 3064 Hominum
835 3025 958 3065 Nobis
987 3036 1115 3076 nuper
1138 3036 1208 3063 ex-

192 3083 365 3139 pofitum
394 3081 472 3125 fuit
504 3110 518 3131 ‚
547 3080 613 3135 ipsi
643 3094 716 3135 pro
754 3079 946 3133 spirituali
976 3081 1141 3123 Civium
1172 3082 1211 3120 ὃς

193 3140 492 3190 Incolarum,ac
508 3138 676 3180 aliorum
692 3138 1212 3189 CristifideliumCivitatis,

195 3201 238 3240 δε
266 3197 441 3240 Dioeces.
470 3198 625 3239 Oritan.
655 3195 833 3251 profectu
861 3225 874 3246 ,
907 3196 1211 3244 consolatione,

197 3254 465 3298 &commodo
481 3283 494 3305 ‚
519 3269 564 3296 ac
579 3254 800 3297 animarum
826 3256 950 3298 salute
965 3285 979 3306 ,
1004 3254 1210 3308 divinique

195 3313 332 3358 cultus
359 3322 576 3367 augmento
602 3325 719 3354 unam
752 3316 924 3356 Domum
957 3316 994 3355 &
1018 3316 1210 3354 Conven-

196 3385 282 3415 tum
297 3372 463 3414 Ordinis
477 3373 658 3413 Fratrum
669 3372 970 3425 Capucinorum
985 3373 1021 3413 in
1034 3369 1212 3412 Territo-

195 3434 257 3477 rio
270 3429 446 3487 ejusdem
456 3428 731 3480 Civitatis‚ubi
747 3430 844 3471 nulli
862 3429 1034 3484 praedicti
1048 3429 1211 3471 Ordinis

199 3488 393 3543 Religiosi
409 3486 580 3530 existunt
597 3515 612 3538 ‚
642 3487 803 3542 erigere
825 3489 986 3542 cupiant
1003 3517 1018 3537 ‚
1045 3499 1210 3542 propte-

199 3562 270 3591 rea
295 3545 421 3588 Nobis
448 3544 656 3589 humiliter
685 3545 892 3600 supplicari
927 3545 1105 3589 fecerunt
1124 3574 1137 3596 ,
1168 3554 1212 3586 ut

199 3614 464 3661 opportunam
480 3633 494 3654 ,
518 3606 694 3646 Domum
716 3603 937 3658 praedid‘tarn
952 3603 1136 3659 erigendi
1164 3603 1212 3643 li—

201 3662 378 3706 centiam
404 3663 480 3704 illis
505 3663 733 3705 concedere
758 3663 809 3705 de
841 3663 1087 3718 benignitate
1104 3666 1211 3716 Apo·

202 3721 338 3764 stolica
353 3718 610 3773 dignaremur
621 3751 632 3762 .

261 3781 347 3822 Nos
364 3778 480 3829 igitur
495 3779 544 3820 ad
559 3794 604 3823 ea
619 3807 634 3832 ,
655 3794 738 3836 quae
756 3778 806 3823 ad
821 3778 948 3823 divini
971 3777 1100 3822 cultus
1114 3789 1209 3833 aug-

329 3839 432 3880 Tom.
448 3839 522 3879 111.

2079 263 2227 319 121

1277 359 1461 391 mentum
1478 376 1492 398 ,
1509 346 1729 403 Religionis
1746 346 2107 405 propagationem,
2136 365 2181 391 ac
2197 350 2299 391 Ani-2

1274 419 1428 447 marum
1441 406 1607 449 salutem
1626 420 1852 462 pertinent,
1869 407 2145 457 intendentes,
2161 419 2302 449 arten-

1274 463 1497 520 dentesque
1534 479 1585 506 ex
1619 466 1840 521 hujusmodi
1877 464 2026 508 Domus
2052 469 2260 508 erectione
2279 493 2299 517 ,

1275 523 1441 564 Civium
1454 550 1469 574 ,
1482 523 1714 565 Incolarum
1726 553 1739 576 ,
1765 525 2021 579 aliorumque
2037 524 2298 567 christifide-

1272 578 1426 622 delium
1454 580 1730 635 praedietorum
1758 582 2010 624 aedificationi
2025 611 2040 633 ‚
2065 597 2111 623 ac
2139 584 2298 623 anima-

1271 652 1362 680 rum
1378 636 1524 687 saluti,
1556 648 1641 679 tum
1656 651 1706 679 ex
1722 641 1794 687 piis
1808 641 2012 682 exercitiis
2026 667 2042 688 ,
2068 652 2154 683 tum
2166 653 2216 682 ex
2230 641 2298 683 di-

1273 696 1462 737 vinorum
1474 693 1709 735 officiorum
1724 695 1951 752 frequentia
1968 699 2184 753 plurimum
2199 713 2297 741 con-

1273 750 1345 794 suli
1366 750 1469 805 poffe
1483 781 1500 802 ,
1529 765 1575 792 ac
1601 764 1817 807 propterea
1843 754 2041 797 dictorum
2058 757 2298 811 Communi-

1280 810 1373 853 tatis
1384 836 1399 859 ,
1427 809 1468 849 &
1483 809 1703 851 Hominum
1731 810 1796 863 pio
1821 812 2022 854 desiderio
2036 816 2212 870 benigne
2226 828 2297 857 an-

1279 880 1412 910 nuere
1427 867 1613 908 volentes
1626 895 1641 918 ,
1666 866 1814 924 eosque
1829 894 1845 919 ,
1864 870 2139 925 &quemlibet
2152 887 2298 916 eorum

1275 928 1298 969 ὲ
1313 925 1514 980 quibusvis
1526 927 1954 969 excommunicationis
1968 931 2044 970 διε.
2060 929 2269 973 censentes
2281 957 2299 980 ‚

1274 983 1502 1036 hujusmodi
1526 981 1566 1024 su
1599 982 1886 1036 plicationibus
1904 986 2111 1039 inclinati,
2136 991 2300 1032 Frater-

1273 1042 1394 1085 nitati
1413 1043 1538 1092 Tuae‚
1589 1051 1699 1083 rater
1715 1043 1912 1098 Episcope
1925 1071 1940 1095 ,
1966 1043 2029 1085 seu
2050 1046 2298 1090 Discretioni

1275 1102 1372 1143 Tuae
1387 1128 1402 1151 ,
1436 1099 1510 1141 Fili
1531 1099 1692 1142 vicarie
1707 1127 1721 1151 ,
1746 1113 1823 1159 per
1845 1101 2058 1156 praesentes
2071 1106 2301 1149 committi-

1273 1171 1404 1208 mus,
1421 1158 1462 1203 &
1484 1155 1753 1209 mandamus,
1782 1169 1826 1202 ut
1853 1160 2079 1205 accedente
2105 1163 2300 1206 consensu

1271 1216 1527 1259 Venerabilis
1544 1216 1804 1272 FratrisJulii
1819 1218 2194 1274 Antonini-:piscosa
2206 1224 2299 1277 Pre-

1272 1276 1414 1318 nessin.
1429 1278 1469 1318 S.
1486 1277 1540 1317 R.
1559 1276 1607 1316 E.
1624 1276 1855 1318 Cardinalis
1870 1278 2123 1322 §.severinae
2139 1293 2298 1321 nuncu-

1272 1335 1388 1390 pati,
1409 1333 1504 1378 dieti
1521 1331 1692 1376 Ordinis
1709 1336 2011 1390 Capucinorum
2029 1339 2298 1390 Protectoris,

1271 1392 1424 1436 eisdem
1447 1392 1746 1435 Communitati
1772 1394 1814 1435 &
1838 1394 2104 1445 Hominibus,
2130 1397 2236 1450 quod
2253 1398 2297 1439 in

1272 1450 1504 1494 Territorio
1531 1449 1644 1492 dinae
1668 1451 1857 1494 Civitatis
1881 1466 2003 1496 unam
2033 1455 2208 1496 Domum
2241 1468 2289 1499 ae

1270 1512 1535 1552 Conventum
1552 1510 1747 1554 Fratrum
1758 1513 2166 1566 Capucinorum,cum
2183 1513 2300 1555 clau-¹

1271 1567 1352 1610 stro
1365 1596 1381 1617 ,
1398 1566 1639 1609 dormitorio
1651 1592 1666 1614 ι,
1699 1566 1918 1612 refectorio
1935 1597 1949 1620 ,
1975 1569 2140 1626 aliisque
2152 1571 2299 1615 officiis
2319 1609 2322 1611 .

1268 1627 1310 1670 δι
1324 1624 1501 1666 Officinis
1517 1624 1745 1667 necessariis
1760 1627 2002 1672 auctoritate
2021 1629 2147 1672 nostra
2163 1632 2300 1686 erige-

1271 1697 1316 1726 re
1331 1711 1344 1735 ,
1361 1696 1406 1725 ac
1427 1684 1636 1726 Fratribus
1651 1682 1832 1740 ejusdem
1848 1686 2012 1727 Ordinis
2039 1686 2138 1729 istuc
2153 1689 2298 1732 eadem

1269 1745 1322 1784 de
1336 1740 1453 1783 causa
1468 1756 1562 1784 cum
1589 1743 1746 1785 suorum
1761 1743 2024 1801 superiorum
2042 1746 2207 1789 licentia
2233 1748 2297 1789 in-

1269 1800 1536 1843 troducendis
1563 1813 1637 1857 pro
1652 1815 1794 1845 eorum
1818 1805 2026 1859 perpetuis
2050 1805 2117 1846 usu
2132 1835 2146 1858 ‚
2173 1807 2302 1848 &ha-

1269 1859 1498 1910 bitatione,
1530 1860 1583 1902 ita
1605 1868 1766 1913 tamen,
1792 1873 1837 1904 ut
1852 1860 2073 1905 duodecim
2097 1863 2147 1906 ad
2167 1864 2298 1908 minus

1272 1920 1438 1960 Fratres
1453 1917 1547 1960 dieti
1561 1917 1729 1961 Ordinis
1745 1919 1797 1961 ibi
1811 1934 1887 1976 pro
1899 1920 2048 1963 divinis
2063 1921 2215 1965 Officiis
2232 1938 2301 1978 pe.

1269 1975 1457 2035 ragendis
1473 1979 1669 2020 continuo
1685 1978 1861 2024 relidere
1877 1979 2056 2022 debeant
2071 2010 2086 2031 .,
2100 1981 2302 2025 concede-

1270 2048 1339 2084 re,
1368 2034 1407 2075 &
1435 2034 1631 2089 assignare
1646 2035 1784 2089 poflint
1801 2064 1815 2087 ,
1847 2038 2105 2081 Auctor-itate
2133 2039 2299 2083 nostra.)

1270 2092 1504 2147 Apostolica
1522 2092 1728 2136 licentiam
1755 2095 1796 2136 δε
1825 2093 2062 2139 facultatem
2077 2099 2298 2141 concedas.

1275 2154 1336 2194 Ac
1364 2149 1543 2206 ejusdem
1561 2148 1741 2204 Domus,
1769 2155 1973 2209 postquam
1996 2159 2134 2199 crena
2152 2153 2303 2209 fuerit,

1271 2206 1437 2263 ejusque
1455 2208 1700 2252 Conventus
1714 2209 1858 2253 futuris
1870 2213 2123 2263 Gaudiano,
2138 2214 2203 2256 seu
2222 2219 2302 2257 Μι-

1273 2266 1423 2317 nistro,
1442 2267 1483 2306 &
1510 2268 1745 2320 Fratribus,
1772 2281 1816 2310 ut
1843 2271 2056 2323 omnibus,
2081 2274 2120 2316 ὃ(
2135 2274 2297 2329 singulis

1275 2323 1415 2378 gratiis
1432 2349 1448 2374 ,
1477 2325 1644 2368 indultis
1658 2355 1673 2377 ,
1699 2328 2012 2373 conceffionibus
2027 2359 2042 2382 ‚
2067 2328 2299 2384 favoribus,

1273 2383 1596 2437 exemptionibus
1610 2412 1624 2435 ,
1652 2385 1908 2428 libertatibus
1921 2417 1935 2439 ,
1950 2389 2269 2431 immunitatibus
2281 2419 2298 2442 ‚

1272 2439 1565 2495 indulgentiis,
1590 2442 1630 2482 &
1655 2443 1910 2497 privilegiis,
1940 2447 2084 2500 quibus
2101 2446 2167 2488 alii
2192 2447 2299 2500 ejus-

1271 2496 1366 2539 dem
1389 2496 1552 2538 Ordinis
1571 2501 1721 2542 Domus
1734 2525 1749 2548 ,
1763 2502 2002 2544 Conventus
2015 2532 2031 2554 ‚
2063 2505 2098 2544 &
2131 2506 2296 2547 Fratres

1270 2566 1439 2597 utuntur
1451 2583 1466 2605 ‚
1497 2553 1683 2598 fruuntur
1695 2586 1711 2608 ,
1740 2558 1779 2599 &
1795 2560 1970 2611 gaudent
1985 2588 2000 2611 ,
2024 2575 2068 2602 ac
2082 2563 2170 2612 uti,
2187 2559 2295 2615 frui,

1271 2615 1311 2654 &
1326 2613 1506 2667 gaudere
1524 2612 1678 2670 poliunt
1691 2642 1706 2667 ,
1721 2616 1762 2659 &
1775 2627 1965 2671 poterunt
1981 2620 2295 2673 quomodolibet

1273 2673 1311 2712 in
1340 2671 1517 2714 futurum
1531 2700 1547 2724 ‚
1580 2672 1660 2716 fine
1690 2673 1823 2730 aliqua
1853 2671 2009 2731 prorsus
2035 2676 2296 2723 differentia„

1272 2727 1381 2780 frui,
1407 2730 1526 2784 potiri
1546 2757 1560 2781 ,
1578 2732 1615 2772 &
1639 2731 1820 2785 gaudere
1843 2734 2012 2789 poffint,
2040 2736 2079 2778 ὃς
2098 2738 2260 2779 valeant
2275 2767 2293 2789 ,

1270 2791 1415 2829 eadem
1430 2789 1665 2834 auctoritate
1687 2792 1884 2833 concedas
1899 2795 1934 2834 &
1951 2792 2161 2848 indulgeas
2177 2825 2187 2836 .
2207 2800 2292 2838 Nos

1270 2847 1376 2887 enim
1393 2859 1442 2886 ex
1464 2858 1572 2887 nunc
1600 2846 1758 2888 irritum
1787 2847 2046 2893 decernimus
2064 2881 2078 2904 ,
2102 2855 2142 2895 &
2159 2854 2295 2907 inane,

1271 2902 1467 2958 quidquid
1497 2902 1607 2945 secus
1639 2904 1754 2959 super
1780 2905 1840 2948 his
1873 2906 1894 2948 εὶ
1923 2923 2123 2965 quoquam
2150 2914 2291 2966 quavis

1272 2961 1512 3003 auctoritate
1540 2961 1741 3013 scienter,
1766 2963 1830 3004 vel
1857 2964 2089 3019 ignoranter
2105 2971 2292 3021 contige-

1272 3020 1326 3060 rit
1352 3018 1570 3060 attenta'ri.
1604 3023 1697 3062 Non
1718 3020 1867 3062 obstan.
1887 3022 1955 3065 fel.
1986 3039 2068 3066 rec.
2094 3026 2290 3068 Bonifacii

1273 3081 1387 3130 Papae
1421 3079 1537 3120 Vm.
1577 3075 1877 3120 praedecessoris
1918 3082 2040 3123 nostri
2082 3084 2288 3127 Fratribus

1272 3134 1597 3178 Mendicantibus
1612 3148 1737 3178 novas
1754 3138 1907 3179 Domos
1919 3138 1968 3179 ad
1986 3139 2290 3185 inhabitandum

1271 3194 1455 3247 recipere
1480 3193 1723 3248 prohibente
1738 3220 1754 3241 ,
1776 3192 1940 3248 aliisque
1953 3197 2194 3249 Apostolicis
2210 3226 2225 3248 ,
2244 3215 2291 3243 ac

1272 3253 1311 3293 in
1327 3251 1630 3293 Universalibus
1641 3276 1655 3299 ,
1669 3251 2094 3307 Provincialibusque,
2109 3259 2149 3299 δι
2164 3260 2294 3313 Syno-

1272 3309 1430 3350 dalibus
1448 3309 1643 3352 Conciliis
1672 3308 1790 3350 editis
1816 3311 2097 3365 generalibus,
2124 3317 2186 3359 vel
2206 3319 2295 3371 spe-

1272 3367 1438 3408 cialibus
1465 3365 1854 3414 Constitutionibus,
1879 3369 1916 3409 8(
1931 3370 2292 3427 Ordinationibus,

1273 3440 1318 3467 ac
1330 3425 1451 3467 etiam
1462 3423 1727 3478 ejusdemOrd
1735 3425 2190 3481 inis‚Juramenro‚Confi
2195 3448 2293 3476 rma.

1273 3484 1384 3524 tione
1401 3482 1625 3537 Apostolica
1639 3511 1655 3532 ,
1682 3482 1747 3524 vel
1762 3484 1901 3537 quavis
1921 3483 2112 3531 firmitate
2127 3491 2205 3532 alia
2222 3507 2291 3534 ro·

1273 3543 1421 3583 boratis
1449 3540 1598 3582 statutis
1611 3566 1626 3589 ,
1649 3541 1687 3580 ὃς
1713 3539 2065 3588 consuetudinibus
2078 3575 2092 3597 ,
2120 3549 2291 3602 privile-

1271 3600 1345 3654 giis
1369 3612 1558 3653 quoque,
1585 3597 1751 3639 indultis
1766 3625 1780 3647 ,
1801 3601 1842 3641 &
1867 3601 2036 3646 Litteris
2053 3606 2289 3659 Apostolicis

1271 3659 1309 3699 in
1324 3656 1570 3698 contrarium
1583 3653 1852 3712 premiis-orum
1866 3661 2176 3714 quomodolibet
2192 3679 2291 3708 con-

1269 3714 1398 3764 ceffis,
1413 3712 1656 3755 confirmatis
1669 3743 1683 3765 ‚
1698 3715 1737 3756 δι
1752 3718 1983 3769 approbatis
1994 3748 2005 3760 .
2022 3722 2182 3777 Qubus
2199 3736 2288 3763 om·-

1269 3774 1423 3817 mnibus
1438 3800 1452 3825 ,
1465 3773 1503 3813 δι
1516 3771 1688 3827 lingulis,
1701 3787 1837 3817 eorum
1855 3783 2018 3823 tenores
2031 3779 2288 3834 praesentibus

1666 3831 1742 3887 Q..
2165 3849 2242 3892 pro
