2664 4114
427 277 582 357 188

1141 266 1646 352 Provincia
1681 264 1717 341 ζ

451 387 585 430 Agnita
605 382 667 419 fate
688 384 756 419 hoee
786 380 909 416 relatio
934 374 952 409 ὲ
980 377 1199 416 S-Conseffu
1226 382 1303 417 talis
1328 383 1508 426 efficaciae,
1537 391 1577 416 ut
1605 380 1648 415 de
1671 379 1703 416 se
1724 378 1874 416 dubium·
1891 379 2107 422 resolveret,
2128 382 2220 419 hine
2239 381 2355 421 Pam·
2383 396 2458 420 enm

356 435 476 485 ostendi
498 435 620 481 juffum
642 432 688 467 est
700 456 713 474 ,
738 441 811 475 quae
832 428 935 463 etiam
953 428 1118 483 ulteriora
1143 432 1183 465 ea
1197 429 1282 466 1εὲὶὸ
1302 441 1374 468 non

357 483 462 529 preire
483 493 599 519 contra
615 482 691 516 Nos
705 478 884 514 definit-m
901 484 1036 521 reperto
1051 500 1062 512 .

1403 431 1608 478 praetendit:
1635 438 1697 465 nec
1717 430 1762 466 ab
1783 430 1849 465 illo
1864 438 2016 476 tempore
2032 429 2167 475 aliquid
2187 431 2381 479 positive&
2395 444 2456 469 ex-

460 631 477 640 .-
512 611 2325 639 -ἑ--ῇκ--ψ-*ῇ-Ψ-
2327 628 2442 640 —

2247 647 2253 655 ι

354 732 645 798 Privilegium
669 729 844 778 Altaris
875 726 931 775 de
957 728 1153 778 Ecclesia
1178 731 1370 795 antiquae

419 798 597 850 Domus
635 803 820 850 Catanae
848 797 904 845 ad
930 797 1177 848 Ecclesiam
1201 817 1368 849 novam

418 869 647 920 transferri
683 867 923 918 concedit.

385 1010 807 1066 URBANUs
870 989 1085 1059 PAPA
1132 1010 1328 1058 v111.

521 1140 588 1184 Ad
604 1146 834 1194 perpetuam
855 1138 916 1179 ret·
942 1132 1163 1179 memoriam
1178 1164 1191 1178 .

471 1258 560 1301 Liss
582 1255 601 1296 ὲ
628 1254 696 1297 sel.
713 1253 875 1299 record.
895 1253 1020 1296 Paulo
1033 1254 1111 1296 PP.
1131 1253 1185 1294 V.
1201 1253 1359 1297 Praede·

497 1313 644 1359 ceffore
660 1312 808 1356 Nostro
822 1314 869 1355 ad
887 1311 1070 1354 favorem
1087 1313 1358 1356 Ecclefiarum

346 1378 565 1416 Domorum
591 1370 852 1426 Regularium
875 1373 1056 1413 Fratrum
1081 1371 1243 1412 Ordinis
1279 1372 1358 1414 Mi-

345 1446 485 1475 norum
503 1435 544 1474 S.
561 1431 760 1473 francisci
777 1431 1082 1485 Capucinorum
1107 1440 1358 1485 nuncupato-

345 1505 429 1533 rum
455 1489 688 1532 emanfirunt
712 1489 858 1531 litterae
882 1490 1031 1532 tenoris
1056 1486 1356 1548 subsequentis,

345 1548 535 1591 videlicet
562 1562 574 1589 ε
606 1548 750 1590 Paulus
774 1549 852 1589 PP.
878 1549 929 1588 V.
957 1547 1006 1589 ad
1036 1558 1275 1602 perpetuam
1301 1545 1360 1588 rei

345 1607 602 1658 memoriam3
628 1608 818 1648 Omnium
834 1605 952 1649 saluti
969 1604 1137 1662 paternzi
1159 1606 1360 1649 charitate

344 1666 514 1715 intenti,
544 1665 652 1706 sacra
668 1664 868 1707 interdum
890 1664 986 1706 ioca
1010 1662 1277 1719 spiritualibus
1298 1664 1358 1706 in-

343 1724 635 1778 dulgentiarum
652 1723 881 1764 muneribus
902 1722 1140 1765 decoramus
1155 1749 1169 1771 a
1195 1732 1238 1765 ut
1261 1723 1356 1764 inde

344 1783 538 1824 Fidelium
563 1780 851 1824 Defune'torum
876 1781 1015 1821 animae
1036 1781 1198 1822 Domini
1219 1781 1354 1824 Nostri

334 1839 423 1896 Jesu
441 1840 585 1882 Christi
599 1869 612 1890 ‚
639 1839 806 1896 ejusque
823 1841 1056 1882 Sanctorum
1071 1837 1252 1894 suffragia
1269 1853 1354 1882 me-

338 1901 508 1942 ritorum
525 1899 742 1953 consequi,
772 1900 811 1940 δι
833 1896 916 1940 illis
930 1897 1072 1952 adjutae
1087 1897 1110 1938 ὲ
1128 1898 1357 1954 Purgatorii

339 1957 468 2013 poenis
488 1956 535 1998 ad
550 1966 737 1999 aeternam
754 1956 927 1998 salutem
946 1970 1019 2012 per
1037 1955 1114 1998 Dei
1128 1956 1359 2000 misericor-

339 2016 448 2057 diam
464 2014 626 2069 perduci
645 2015 806 2056 valeant
824 2044 836 2055 .
866 2018 970 2056 Cum
997 2014 1130 2070 itaque
1157 2016 1360 2060 nomint,

343 2073 601 2127 Superior-um
623 2101 637 2122 ,
670 2074 709 2113 &
737 2075 916 2116 Fratrum
946 2073 1108 2116 Ordinis
1124 2076 1360 2120 Minorum„

343 2129 781 2185 Capucinorumultra
813 2141 969 2176 montes
1007 2132 1241 2189 degentium
1273 2136 1361 2176 No·

343 2189 400 2230 bis
430 2202 552 2241 nuper
582 2189 798 2243 expolitum
825 2189 925 2238 suit,
944 2188 1013 2231 fel.
1037 2205 1117 2234 rec.
1137 2192 1359 2247 Gregorius

340 2250 450 2304 Papa
481 2248 598 2289 ΧΙΠ.
626 2247 886 2290 Praedecessor
914 2249 1086 2297 Noster,
1115 2259 1158 2293 ut
1186 2251 1360 2305 quoties»

339 2318 511 2361 cumque
543 2306 740 2348 Sacerdos
785 2307 929 2363 aliquis
970 2307 1146 2364 ejusdem
1194 2309 1358 2353 Ordinis

342 2362 493 2406 Missam
511 2363 799 2406 Defunctorum
826 2379 900 2420 pro
925 2368 1052 2408 anima
1070 2367 1357 2424 cujuscumque

336 2419 486 2463 fidelis
510 2449 522 2471 ‚
547 2436 631 2478 quae
659 2425 749 2464 Deo
773 2423 810 2466 in
838 2423 1037 2466 charitate
1063 2425 1274 2480 conjunfta
1305 2427 1354 2467 ab

334 2481 409 2521 hac
426 2479 518 2522 luce
532 2478 803 2535 migrailset‚ad
821 2482 1054 2529 triaAltaria
1071 2484 1191 2526 trium
1207 2485 1354 2527 Eccle-

334 2537 476 2581 fiarum
511 2537 790 2594 cujuscumque
819 2541 1038 2582 Provinciae
1063 2542 1158 2585 dieti
1187 2543 1351 2590 Ordinis

335 2609 409 2649 per
435 2597 667 2649 Superiores
685 2597 889 2651 praedic'tos
904 2598 1141 2652 defignanda
1167 2601 1350 2643 celebra·

335 2661 397 2693 ret
412 2681 426 2702 ‚
455 2653 593 2693 Anima
610 2652 688 2707 ipsa
704 2655 755 2695 de
770 2654 956 2698 thesauro
974 2656 1160 2699 Ecclefiae
1178 2672 1248 2712 per
1266 2674 1349 2702 mo—

335 2708 431 2753 dum
451 2707 617 2763 suffragii
631 2710 920 2765 indulgentiam
935 2714 1198 2770 consequatur
1213 2747 1227 2767 ,
1251 2717 1349 2759 vivae

333 2768 444 2808 vocis
459 2767 627 2809 oraculo
642 2767 877 2812 concesserit
892 2798 907 2822 ‚
928 2772 1194 2815 &indulserit
1211 2803 1224 2825 ,
1246 2777 1284 2816 &
1299 2778 1346 2818 ab

334 2824 426 2867 inde
442 2825 542 2866 citra
562 2826 774 2869 Provinciae
791 2827 905 2882 ipsius
923 2830 1083 2872 Ordinis
1099 2831 1345 2875 benedicen-

333 2891 375 2925 te
393 2884 567 2925 Domino
593 2884 762 2926 adauetae
779 2885 926 2928 fuerint
941 2916 952 2927 .
985 2892 1068 2931 Nos
1085 2892 1344 2944 Superiorum

331 2941 371 2981 δι
387 2943 566 2983 Fratrum
591 2942 862 2995 praedictorum
883 2944 1240 3000 supplicationibus
1258 2953 1345 2993 No-

331 2999 391 3040 bis
418 2999 637 3041 humillime
653 3002 843 3055 porrestis
860 3004 1064 3056 inclinati,
1095 3008 1344 3051 authoritate

1431 729 1626 786 pl‘iamus,
1652 731 1691 772 in
1706 731 1952 774 contrarium
1978 730 2220 774 facientibus
2234 734 2259 782 ‚'
2281 747 2360 774 non
2377 733 2454 774 ob-'

1429 789 1625 831 stantibus
1651 788 1987 845 quibuscumque.
2022 794 2173 833 Datum
2194 788 2357 832 Tu'sculi
2383 789 2452 833 sub

1429 847 1595 889 Annulo
1608 846 1821 889 Piscatoris
1838 849 1903 892 die
1925 864 1985 891 ix.
2003 850 2112 906 Junii
2132 863 2337 893 Μοονιιι,
2349 851 2453 891 Pon·

1428 904 1599 950 tificatus
1616 906 1751 948 Nostri
1766 910 1886 950 Anno
1900 918 2046 963 quarto
2060 937 2072 949 .
2343 903 2345 908 ¹
2442 949 2446 962 <.

1482 966 1589 1006 Cum
1601 973 1756 1015 autem,
1770 965 1863 1007 ficut
1880 966 2028 1008 Dilecti
2044 966 2137 1008 Filii
2149 966 2334 1010 moderni
2352 968 2454 1008 Pro-

1422 1022 1617 1065 vinciales
1645 1022 1950 1064 Provinciarum
1975 1025 2252 1066 Mediolanen.
2271 1050 2285 1071 s
2308 1024 2454 1066 Messa-

1425 1094 1515 1122 nen.
1531 1083 1568 1122 δι
1586 1083 1753 1137 Januen.
1769 1081 1938 1123 Ordinis
1965 1082 2140 1137 praediffl
2168 1083 2298 1125 Nobis
2324 1095 2452 1137 nuper

1424 1140 1570 1194 exponi
1590 1138 1805 1191 fecerunt,
1829 1141 1867 1181 &
1888 1139 1927 1180 in
1950 1139 2227 1182 Mediolanen.
2253 1141 2291 1181 &
2313 1142 2452 1181 'Cata-

1418 1210 1514 1240 nen.
1530 1197 1781 1241 Civitatibus
1800 1197 1884 1240 duae
1904 1211 1927 1239 e
1933 1196 2086 1255 jusdem
2113 1198 2278 1240 Ordinis
2295 1192 2451 1239 Domus

1420 1254 1749 1312 Regulares,una
1765 1255 1924 1311 quidem
1936 1256 2157 1312 antiquitus
2172 1259 2211 1299 δε
2225 1257 2357 1299 altera
2381 1261 2451 1298 re:-

1418 1326 1562 1358 center
1577 1315 2029 1365 construdtae,omnibus
2047 1326 2186 1357 tamen
2210 1315 2259 1357 ad
2289 1328 2354 1356 eas
2388 1311 2450 1356 fa·

1418 1373 1616 1415 cientibus
1635 1374 1827 1416 instruetae
1843 1374 2010 1416 existant
2026 1401 2041 1424 ,
2067 1387 2240 1430 quarum
2260 1384 2449 1423 veterum

1414 1430 1606 1474 ‘Ecclefiae
1624 1431 1836 1488 privilegio
1855 1432 2320 1487 praedieto,conceffionis
2335 1432 2376 1471 δι
2390 1431 2450 1480 inq

1422 1489 1525 1531 dulti
1554 1491 1747 1546 Gregorii
1774 1488 2074 1533 Praedecefforis
2105 1490 2239 1532 Nostri
2269 1488 2447 1545 praediffi

1423 1549 1562 1603 vigore
1579 1549 1779 1592 decoratae
1796 1547 1881 1590 sunt
1896 1576 1911 1598 ,
1939 1547 2067 1590 minor
2087 1558 2224 1591 autem
2241 1547 2444 1592 Sacerdo-

1423 1618 1508 1650 tum
1523 1620 1709 1649 numerus
1725 1608 1762 1649 in
1778 1607 1833 1650 eis
1848 1635 1862 1657 ‚
1877 1610 1918 1650 δι
1935 1605 2068 1662 populi
2081 1606 2130 1647 ad
2147 1620 2214 1648 eas
2231 1605 2445 1648 concursus

1419 1664 1568 1722 major,
1583 1664 1703 1720 quam
1720 1665 1756 1706 in
1780 1675 1972 1707 recenter
1998 1666 2188 1706 extruens
2217 1666 2354 1707 existat
2368 1692 2383 1716 ‚
2405 1665 2447 1705 &

1416 1734 1635 1780 propterea
1649 1723 1913 1766 Mediolan.&
1929 1721 2145 1765 Meffanen.
2156 1722 2306 1765 dictum
2321 1723 2447 1778 ρι’ἰνί..Ἰ

1416 1782 1566 1838 legium
1586 1781 1639 1824 de
1659 1781 1867 1825 veteribus
1884 1780 1933 1823 ad
1954 1793 2074 1824 novas
2090 1781 2289 1824 Ecclefias
2313 1779 2448 1835 hujus-

1419 1838 1545 1891 modi,
1565 1843 1730 1884 Ianuen.
1749 1841 1846 1884 verb
1858 1839 2130 1883 Provinciales
2151 1838 2327 1895 praedifii
2347 1837 2444 1883 ἀρ’-ι

1419 1913 1498 1942 una
1513 1899 1685 1954 Capella
1702 1898 1751 1941 ad
1768 1900 1915 1941 Altare
1935 1896 2059 1953 majus
2077 1897 2267 1940 Ecclefiae
2281 1898 2445 1938 Civita-

1424 1959 1474 2000 tis
1492 1957 1772 2000 Alexandrinae
1785 1953 2162 2011 DomfisRegularis
2176 1954 2354 2011 ejusdem
2369 1957 2446 1996 Or-

1424 2016 1530 2059 dinis
1561 2029 1635 2072 per
1656 2028 1724 2058 nos
1754 2013 1969 2057 transferri
2001 2014 2252 2069 summopere
2283 2012 2442 2055 deside-i

1425 2083 1515 2119 rent
1537 2102 1550 2125 ,
1581 2073 1937 2131 supplicationibus
1956 2073 2191 2129 eorumdem
2207 2070 2443 2114 Provincia-

1423 2134 1525 2177 lium
1545 2134 1705 2175 nomine
1721 2133 1851 2176 Nobis
1866 2125 1984 2188 super
2012 2133 2089 2174 hoc
2115 2129 2322 2174 humiliter
2347 2143 2443 2185 por-

1423 2192 1541 2235 rectis
1559 2191 1767 2242 inclinati,
1788 2190 2042 2245 privilegium
2057 2189 2286 2246 praedifflum
2304 2188 2443 2244 vigore

1423 2249 1685 2293 conceffionis
1707 2252 1746 2290 δι
1774 2248 1918 2291 indulti
1938 2249 2130 2302 Gregorii
2145 2246 2444 2290 praedecessoris

1422 2309 1594 2365 praediffl
1611 2337 1624 2359 ‚
1654 2321 1729 2361 per
1746 2307 1859 2351 Pauli
1887 2309 2009 2349 etiam
2026 2303 2328 2349 Praedecefforis
2354 2308 2444 2348 No-

1419 2370 1592 2412 strorum
1611 2366 1747 2409 literas
1779 2365 2022 2421 praeinsertas
2046 2365 2097 2406 ad
2126 2363 2250 2405 distas
2277 2374 2441 2406 veteres

1417 2426 1698 2470 Mediolanen.
1731 2427 1770 2467 &
1799 2427 1998 2467 Catanen.
2025 2423 2250 2465 civitatum
2283 2423 2441 2464 Domo-

1416 2499 1505 2528 rum
1521 2483 1789 2540 Regularium
1804 2483 1970 2525 Ordinis
1997 2480 2219 2537 hujusmodi
2244 2479 2439 2523 Ecclefia's

1417 2543 1654 2591 extensum,
1685 2542 1734 2583 ad
1762 2542 1885 2583 distas
1907 2550 2098 2582 recenter
2125 2542 2323 2580 extruetas
2345 2567 2361 2590 ‚
2390 2554 2436 2583 ac

1412 2603 1465 2644 de
1484 2600 1654 2656 Capella
1685 2601 1868 2656 praedifiia
1883 2628 1897 2651 ‚
1924 2598 1975 2640 ad
1993 2599 2102 2640 dietae
2125 2596 2313 2639 Eccleliae
2325 2597 2439 2640 Civi-

1412 2661 1507 2704 tatis
1525 2656 2194 2715 praedit‘taeAlexandrinen.Altare
2207 2657 2332 2713 majus
2348 2670 2438 2711 per-

1411 2718 1535 2775 petuo
1558 2717 1680 2760 modo
1703 2719 1743 2758 δι
1761 2715 1887 2759 forma
1905 2715 2104 2772 praemiffis
2121 2712 2436 2775 transferimus,

1409 2792 1454 2821 ac
1470 2775 1710 2819 translatum
1724 2775 1803 2819 effe
1815 2776 1999 2818 volumus
2014 2777 2054 2816 δι
2069 2774 2436 2817 declaramus.Non

1407 2834 1654 2877 obstantibus
1674 2835 1869 2890 praemiffls
1892 2863 1905 2887 ‚
1935 2849 1981 2877 ac
1998 2842 2216 2890 ‚quantum
2232 2847 2332 2887 opus
2358 2834 2434 2883 fir,

1408 2897 1596 2936 veterum
1616 2894 1884 2936 Ecclesxarum
1901 2894 1941 2935 &
1958 2891 2138 2947 Capellae
2157 2891 2431 2946 praedietarum

1406 2952 1528 2996 etiarn
1557 2951 1783 3009 juramento
1802 2979 1817 3002 2
1849 2950 2149 2994 confirmatione
2170 2950 2202 2988 A
2210 2948 2431 3002 postolica,

1407 3010 1473 3052 vel
1496 3012 1633 3065 quavis
1651 3009 1841 3054 firmitate
1866 3009 1942 3051 alia
1964 3007 2163 3050 roboratis
2179 3005 2357 3057 statutis,
2389 3007 2430 3054 δι

333 3058 494 3099 Nobisa
514 3059 682 3099 Domino
699 3060 872 3112 tradita,
897 3063 938 3103 δι
962 3061 1014 3103 de
1040 3065 1340 3119 omnipotentis
1403 3066 1757 3112 consuetudinibus
1779 3096 1793 3118 ,
1825 3066 2067 3123 coeaerisque
2094 3064 2308 3106 contrariis
2339 3063 2430 3121 qui-

333 3114 411 3154 Dei
436 3113 704 3159 misericordia
720 3143 733 3164 a
746 3132 790 3159 ac
804 3122 1015 3162 Beatorum
1044 3122 1208 3166 Petri&
1226 3126 1340 3168 Pauli

332 3170 607 3223 Apostolorum
624 3174 708 3229 ejus
724 3179 965 3221 auctoritate
990 3179 1120 3221 confifi
1139 3210 1151 3232 ,
1178 3183 1340 3225 conces-

1403 3125 1636 3182 buscunque
1651 3155 1664 3167 .

1463 3187 1609 3226 Datum
1627 3185 1767 3227 Romae
1788 3182 1893 3238 apud
1919 3185 1958 3225 S.
1974 3185 2137 3225 Petrum
2166 3182 2233 3223 sub
2262 3181 2427 3226 Annnlo

335 3225 477 3289 sionem
502 3231 540 3270 δε
571 3232 768 3275 indultum
798 3235 1045 3292 hujusmodi,
1072 3238 1291 3284 dummodo
1318 3245 1341 3289 a
1401 3242 1615 3287 Piscatoris
1633 3242 1701 3284 die
1722 3255 1784 3285 tv.
1811 3242 2053 3286 Novembris
2080 3242 2424 3296 innexuit-Pon-

335 3283 439 3323 d'ffl‘
453 3285 652 3340 Gregorio
665 3292 950 3336 Praedeceffore
966 3295 1058 3337 vere
1072 3301 1336 3350 emanaverit,
1398 3299 1570 3345 tificatus
1586 3299 1721 3344 Nostri
1736 3304 1854 3345 Anno
1870 3300 2060 3356 vigefimo
2077 3299 2210 3356 primo
2223 3327 2235 3339 .
2398 3301 2401 3305 “

337 3340 535 3406 etiam-ad
566 3345 657 3387 alias
682 3348 874 3393 Ecclesias
910 3355 1207 3398 Provinciarum
1239 3358 1334 3400 dieti

337 3397 498 3461 Ordinis
514 3401 752 3464 postmodum
766 3414 984 3451 erestarum
1000 3441 1012 3461 ,
1025 3413 1061 3452 &
1078 3411 1218 3456 futuris
1235 3427 1336 3459 tem-

338 3455 494 3518 poribus
513 3460 801 3516 erigendarum,
815 3466 960 3511 eisdem
974 3469 1094 3511 modo
1119 3475 1157 3514 &
1181 3472 1304 3517 forma
1320 3503 1334 3528 ,

338 3511 476 3563 quibus
494 3514 538 3552 ab
554 3514 692 3556 eodem
710 3524 905 3577 Gregorio
923 3528 1209 3574 Praedecellore
1238 3548 1335 3575 con-

336 3565 435 3611 tessa
462 3569 644 3624 suerunt,
673 3585 866 3634 perpetuo
891 3587 1167 3640 extendimus,
1190 3592 1229 3633 &
1251 3605 1333 3635 am·

1972 3421 2028 3461 M.
2045 3418 2097 3459 A.
2114 3413 2320 3458 Maraldus
2332 3443 2348 3456 .

1454 3538 1514 3580 Ex
1530 3539 1623 3590 Reg.
1640 3535 1758 3578 Arch.
1780 3539 1924 3578 Secret.
1941 3539 2058 3580 Brev.
2078 3529 2211 3587 Apost.
2237 3530 2356 3589 mags?
2370 3531 2416 3579 δ’

1506 3594 1600 3637 anni
1616 3595 1741 3648 prad.
1754 3594 1834 3652 fil.
1849 3595 1948 3637 668.

2196 3870 2356 3929 Nora
