2716 4042
811 148 1381 241 ISA'GO
1447 155 1519 240 G
1579 158 1806 246 ESss
2138 166 2320 246 'xvii

272 270 518 359 gotium
550 267 716 337 illico
737 268 946 334 finitur
967 316 984 343 ,
1031 271 1091 335 8(
1109 272 1442 360 acquiritur
1462 272 1554 358 jus
1575 273 1649 338 ab
1673 261 2050 365 Impetrante
2069 327 2087 353 ,
2135 280 2193 342 8(
2216 302 2399 343 econ-

270 381 362 430 tra
397 365 464 427 in
497 361 827 454 Rescriptis
859 359 1094 448 justitiae
1133 383 1501 452 praeparatur
1541 374 1786 434 tantum
1828 370 1906 434 ad
1941 369 2132 436 finem
2177 370 2346 437 cauia
2384 406 2400 446 ,

264 456 583 548 debetque
637 457 960 543 negotium
1008 480 1120 546 per
1146 459 1427 539 Judicem
1466 509 1482 535 ,
1530 461 1627 524 cui
1672 464 1954 550 cognitio
2000 463 2181 529 causae
2231 488 2402 529 com-

266 552 532 618 mittitur
574 597 592 626 ,
655 549 936 638 expediri
981 598 998 626 ,
1063 552 1220 640 quin
1274 553 1623 640 Impetrans
1678 553 1771 638 jus
1824 557 2141 646 quoddam
2196 560 2402 646 acqui÷

265 664 366 712 rat
387 694 401 710 .

453 735 787 823 Subreptio
818 738 1195 823 contingens
1236 739 1301 800 in
1340 759 1460 800 una
1494 754 1664 825 parte
1702 736 2004 828 Rescripti
2036 745 2238 830 plures
2272 767 2405 834 par-

265 853 364 901 ·tes
404 830 690 896 habentis
725 878 741 905 ,
782 854 914 897 non
950 830 1128 895 vitiat
1163 844 1400 904 totum,
1448 828 1492 894 fi
1533 830 1635 893 illa
1679 853 1812 894 non
1848 831 2252 913 fuit'dolosa,
2303 838 2406 901 sed

268 949 407 991 eam
451 939 694 1014 partem
736 926 1057 989 dumtaxat
1089 973 1105 999 ,
1154 923 1322 1008 cujus
1357 921 1470 987 fuit
1507 919 1713 996 causa,
1749 923 1809 986 8(
1847 950 1980 1015 quae
2016 929 2159 991 alias
2189 932 2407 994 aPrin-

272 1019 416 1109 cipe
455 1040 588 1082 non
634 1016 832 1082 fuisset
871 1015 1181 1082 concefla.
1234 1015 1386 1080 Abb.
1426 1018 1496 1080 in
1525 1039 1570 1080 c.
1593 1016 1786 1101 Super
1812 1019 2085 1085 Litteris
2130 1046 2187 1086 n.
2211 1023 2408 1087 2.Fa-

264 1134 520 1201 gnanus
556 1110 678 1175 eod.
719 1131 764 1173 e.
804 1133 862 1174 n.
890 1133 990 1192 24.
1027 1111 1303 1191 Qando
1363 1113 1518 1175 vero
1564 1106 1875 1195 subreptio
1948 1116 2016 1175 in
2077 1115 2411 1204 Rescriptis

273 1223 406 1270 tum
441 1203 673 1290 justitiae
703 1253 719 1279 ,
766 1219 896 1267 tum
936 1205 1142 1292 gratiae
1191 1201 1276 1267 est
1311 1200 1526 1268 dolosa
1573 1203 1638 1266 in
1683 1225 1803 1266 una
1854 1221 2027 1295 parte
2056 1256 2071 1281 ,
2124 1205 2313 1272 afficit
2353 1209 2412 1271 8(

271 1297 750 1374 inficit'totum,
800 1297 975 1362 Idem
998 1295 1162 1363 Abb.
1191 1319 1335 1362 cum
1367 1301 1666 1384 Fagnano
1689 1344 1704 1369 ,
1751 1301 1862 1386 qui
1902 1298 2026 1361 hoc
2062 1302 2126 1364 in
2168 1324 2411 1391 paenam

274 1390 476 1459 dolosi
514 1391 799 1456 statutum
839 1391 993 1455 dicit
1025 1394 1096 1457 in
1128 1405 1271 1455 text.
1309 1410 1352 1454 c,
1386 1416 1434 1455 1.
1465 1387 1544 1456 δέ)
1565 1413 1619 1452 2.
1652 1387 1724 1453 de
1748 1390 1862 1457 Fil.
1888 1392 2092 1458 Presb.
2122 1433 2165 1444 --
2200 1396 2264 1458 In
2275 1396 2410 1481 sace

266 1485 704 1575 perversttatis
738 1503 984 1574 poenam
1031 1484 1262 1549 nullam
1299 1505 1368 1548 ex
1410 1483 1490 1546 iis
1527 1481 1761 1547 litteris
1801 1484 2179 1550 commodum
2223 1488 2412 1570 cons}-

277 1595 517 1670 quatur
559 1581 618 1645 8(
656 1582 727 1645 in
765 1601 812 1642 c.
837 1575 1022 1643 Sedes
1051 1576 1388 1663 qustalzca
1430 1595 1524 1653 15·
1565 1572 1637 1638 de
1654 1569 2014 1662 Rqfi'ript.·-
2038 1581 2188 1664 qaia
2212 1579 2411 1666 fraus

283 1669 363 1742 ἑὲ)
385 1671 550 1737 dolus
582 1673 640 1738 ei
663 1670 1060 1760 patrocinari
1090 1689 1210 1730 non
1239 1664 1488 1741 debeat,
1532 1664 1610 1735 δέ)
1642 1663 1773 1732 ideo
1806 1685 2116 1757 tanquam
2149 1671 2413 1738 mendax

268 1781 565 1854 precator
598 1778 814 1828 careat
845 1761 1086 1847 penitas
1122 1763 1480 1846 impetratis
1507 1807 1521 1822 .
1571 1761 1734 1825 [nter
1777 1786 1912 1852 quae
1962 1763 2152 1830 verba
2195 1765 2414 1858 specia-

274 1859 320 1922 li
349 1858 500 1921 nota
531 1855 757 1945 fignari
789 1853 977 1918 debet
1017 1854 1382 1919 adverbium
1414 1855 1517 1919 vel
1539 1853 1735 1918 diffio
1764 1859 2054 1944 penitus,
2090 1883 2223 1948 quae
2253 1910 2270 1936 ,
2321 1878 2413 1925 ut-

263 1965 427 2041 pote
448 1946 714 2039 praecila,
736 1950 964 2012 nullam
985 1949 1426 2036 exceptionem
1448 1947 1721 2012 admittit
1741 1949 1777 2014 l.
1796 1949 2232 2038 ambigendum
2257 1952 2319 2018 C.
2341 1954 2411 2019 de

276 2041 606 2131 usufructu.
632 2043 944 2108 Doctrinae
967 2042 1130 2117 huic,
1146 2058 1278 2107 utut
1302 2038 1526 2116 solidae,
1548 2043 1757 2133 plures
1776 2043 2412 2112 adversanturAu&o-

280 2159 394 2213 reS,
416 2160 529 2227 per
544 2135 1006 2226 subreptionem
1031 2134 1309 2201 dolosam
1332 2135 1676 2225 capitulum
1698 2137 1850 2202 illud
1869 2139 2186 2215 duntaxat,
2207 2142 2270 2204 in
2286 2164 2413 2232 quo

275 2232 462 2296 dolus
495 2232 808 2318 contingit
829 2279 844 2303 ,
883 2231 1088 2294 vitiari
1117 2230 1574 2294 contendentes
1597 2276 1612 2303 ,
1636 2253 1712 2295 ex
1744 2232 1982 2295 ratione
2004 2281 2020 2307 ,
2048 2249 2214 2309 tum,
2241 2234 2412 2324 quod

269 2325 343 2388 rin
379 2323 735 2408 hujusmodi
773 2320 910 2388 casii
943 2325 1070 2387 duo
1111 2323 1302 2387 veluti
1336 2321 1653 2411 Rescripta
1689 2322 1806 2389 effe
1845 2324 2244 2401 censeantur,
2277 2347 2413 2391 tum

273 2419 450 2507 quod
484 2434 687 2482 textus
731 2416 897 2481 citati
941 2414 1055 2480 s111t
1092 2416 1372 2505 poenales
1396 2465 1410 2489 ,
1450 2417 1510 2479 8(
1543 2419 1691 2480 ideo
1725 2416 1800 2480 ab
1832 2441 1960 2480 uno
1998 2420 2294 2505 Capitulo
2334 2420 2414 2481 ad

272 2512 441 2577 aliud
482 2534 614 2575 non
655 2508 925 2575 debeant
958 2509 1119 2574 trahi
1159 2559 1175 2586 ,
1224 2531 1340 2573 nec
1372 2531 1586 2573 eorum
1621 2510 1945 2598 qualitates
1993 2508 2411 2584 commisceri,

274 2621 410 2670 tum
438 2652 455 2680 ,
502 2605 676 2695 quod
716 2603 884 2689 juxta
922 2604 1194 2693 regulam
1235 2602 1381 2688 juris
1423 2603 1488 2666 in
1511 2612 1569 2670 6.
1616 2602 1767 2668 utile
1807 2624 1930 2667 nan
1965 2604 2146 2670 debat
2181 2605 2412 2670 vitiari

266 2715 384 2786 per
422 2699 676 2764 inutile.
724 2697 795 2761 In
838 2694 965 2761 hoc
1010 2696 1446 2762 sententiarum
1478 2693 1775 2760 conflictu
1799 2693 2212 2762 Reiffenstuel.
2239 2698 2336 2762 lib.
2365 2718 2411 2759 1.

268 2791 375 2857 tit.
401 2817 454 2873 3.
495 2791 567 2857 de
608 2791 905 2876 chs‘cript.
941 2814 998 2854 n.
1028 2813 1166 2874 179.
1185 2788 1301 2875 fol.
1348 2788 1504 2853 mihi
1536 2810 1677 2871 144.
1716 2787 1914 2874 seligit
1938 2836 1954 2862 ,
2005 2789 2412 2879 defenditque

275 2886 546 2974 primam
565 2933 580 2958 ,
599 2907 709 2948 ceu
734 2880 1252 2970 probabiliorem,
1281 2880 1522 2970 jurique
1546 2882 1744 2970 magis
1775 2878 2147 2957 consonam,
2180 2885 2237 2948 8(
2261 2885 2411 2947 dum

199 3007 202 3021 ¹
273 2975 711 3044 subsistentiam
736 2975 1001 3066 duplicis
1038 2976 1246 3063 primae
1277 2974 1535 3037 rationis
1556 3022 1571 3048 ,
1591 2974 1658 3038 in
1690 2971 1964 3038 secundae
1997 2975 2307 3039 sententiae
2332 2974 2412 3037 fa-

276 3095 498 3137 vorem
521 3071 787 3162 adducteg
813 3120 827 3146 ,
850 3067 1122 3134 absolute
1156 3083 1343 3153 negat
1364 3116 1379 3141 ,
1428 3067 1674 3130 citatam
1714 3066 1858 3151 juris
1892 3069 2166 3152 regulam
2204 3067 2412 3130 distin-

272 3166 406 3251 guit
430 3214 447 3240 ,
496 3165 556 3229 8(
589 3165 740 3229 utile
787 3187 899 3254 per
928 3163 1145 3227 inutile
1186 3182 1318 3222 non
1339 3159 1545 3223 vitiari
1585 3155 1813 3223 debere
1853 3157 2195 3233 consentit,
2244 3158 2286 3224 fi
2328 3159 2411 3244 ju-

271 3280 338 3322 re
390 3255 731 3346 expressum
781 3258 1154 3323 contrarium
1212 3275 1344 3315 non
1387 3254 1766 3340 reperiatur,
1808 3270 1995 3339 prout
2031 3253 2286 3342 reperiri
2327 3254 2410 3317 ait

270 3373 384 3440 per
420 3368 620 3415 textus
663 3347 984 3439 oppositos
1028 3350 1088 3412 8(
1122 3344 1300 3438 Gloffi
1332 3348 1402 3410 in
1443 3366 1489 3409 c,
1527 3362 1692 3431 pura
1718 3370 1774 3426 3.
1824 3366 1880 3431 q.
1912 3374 1966 3430 9.

458 3445 797 3531 Contingit
827 3444 886 3507 8(
924 3440 1216 3531 obreptio
1254 3437 1351 3502 seu
1390 3435 1708 3525 subreptio
1743 3440 1809 3500 in
1843 3439 1975 3502 aliis
2007 3436 2242 3506 duabus
2273 3461 2411 3516 cau:-

269 3530 379 3624 ᾖς’,
426 3539 723 3606 videlicet
756 3539 823 3602 in
862 3533 1036 3602 causa
1073 3535 1349 3606 motiva,
1389 3554 1514 3621 que
1554 3532 1613 3593 8(
1650 3531 1947 3618 primaria
1993 3535 2052 3599 8(
2085 3532 2283 3599 finalis
2319 3534 2410 3596 di·-

272 3635 469 3711 citur,
518 3635 575 3700 8(
606 3626 977 3724 impulsiva,
1026 3651 1209 3720 quam
1239 3629 1296 3691 8(
1341 3623 1768 3781 secundariam
1809 3629 2165 3716 appellant:
2213 3622 2409 3687 Causa

2176 3737 2316 3783 mo-
