2664 4114
433 244 543 301 20

367 347 419 376 ne
444 330 594 372 fruetus
622 323 845 380 hujusmodi
870 320 1110 367 condonare
1137 330 1152 377 ᾗ
1179 327 1219 370 8(
1244 327 1399 382 elargi-

366 393 399 433 ,ᾗ
427 399 592 444 paratus
622 384 719 432 esset
745 400 757 429 ;
779 384 871 438 quia
899 394 1037 428 tamen
1081 385 1219 428 Terrae
1257 386 1397 442 hujus-

359 449 470 492 modi
496 446 546 491 ad
578 446 802 500 praedictam
836 441 1014 485 Mensam
1048 442 1247 487 Ecclefiae
1282 448 1396 486 Nea-

357 507 578 562 politanae‚
602 507 640 546 &
669 499 931 545 Praebendam
976 501 1281 545 canonicalem
1325 516 1396 544 re..

357 565 532 619 speetive
566 565 691 618 pleno
715 559 829 618 jure,
857 573 903 602 ac
931 559 983 602 ad
1013 573 1155 603 earum
1184 560 1393 616 integram

355 623 682 678 proprietatem,
712 619 1019 676 plenariamque
1051 619 1291 661 Dominium
1307 619 1394 675 spe·-

355 685 492 731 ‹stare‚
518 679 616 720 acin
635 678 972 730 Universitatem‚
996 679 1036 723 &
1060 679 1258 721 Homines
1283 693 1388 735 prae-

354 741 480 781 di6tos
506 738 677 791 primum
694 766 707 789 ‚
737 740 776 779 &
805 737 956 780 deinde
981 738 1021 779 in
1052 737 1261 793 praedistos
1287 742 1385 781 Fra-

353 807 438 838 tres
464 796 695 847 Capucinos
721 796 853 843 male,
878 798 917 837 &
941 795 1116 840 nulliter
1132 823 1146 847 ‚
1164 811 1208 839 ac
1232 807 1381 841 contra

351 853 524 899 formam
544 855 678 910 Juris,
705 857 743 896 &
775 858 996 898 Sacrorum
1025 857 1240 899 Canonum
1266 865 1384 899 tran·

353 914 462 955 slatae
484 913 786 965 noscebantur,
816 914 958 957 volens
983 914 1142 971 plenius
1169 924 1255 956 tam
1282 915 1383 967 suae,

349 974 469 1026 quam
496 972 737 1018 eorumdem
766 976 952 1017 Fratrum
988 972 1242 1016 conscientiae
1273 971 1384 1016 satis-

353 1030 519 1082 facere,
545 1031 707 1075 eosdem
739 1035 899 1075 Fratres
928 1032 1068 1088 majori
1097 1031 1281 1076 remedio
1323 1034 1382 1076 in-

350 1089 522 1144 digere,
546 1092 584 1134 &
615 1091 744 1134 nostra
770 1107 814 1135 ac
839 1091 952 1134 Sedis
982 1091 1220 1148 Apostolicae
1246 1095 1378 1134 austo-

349 1148 500 1197 ritate,
528 1163 573 1192 ac
607 1160 836 1206 opportuna
861 1151 1036 1206 desuper
1075 1151 1379 1208 interponenda

349 1206 578 1266 provisione
596 1223 694 1267 opus
708 1207 787 1253 esse
803 1211 974 1265 benigne
998 1209 1236 1265 significavit
1252 1237 1263 1252 .

412 1268 598 1319 Verum,
626 1269 726 1314 dum
751 1270 867 1325 super
895 1269 1093 1325 praeniffis
1113 1273 1137 1315 a
1165 1271 1322 1322 Nobis,
1346 1272 1386 1316 δέ

350 1324 458 1368 Sede
476 1328 701 1380 Apostolica
719 1327 941 1370 remedium
963 1339 1241 1383 opportunum
1258 1343 1386 1383 expe-

349 1384 553 1432 stabam,
564 1384 678 1425 dictae
692 1386 978 1426 Univeriitatis
997 1386 1194 1430 Homines
1208 1390 1257 1432 ad
1275 1392 1386 1431 Con-

350 1441 480 1485 silium
511 1443 686 1498 Regium
722 1443 857 1486 Curiae
886 1444 1165 1498 Neapolitanae
1190 1446 1261 1488 sub
1285 1444 1386 1486 falso

350 1511 554 1557 praetextu
574 1530 586 1551 ‚
616 1501 725 1558 quod
746 1501 907 1544 easdem
943 1505 1090 1546 Terras
1117 1529 1129 1553 ,
1157 1505 1195 1546 in
1237 1502 1383 1559 quibus

350 1561 445 1605 dieti
462 1563 620 1602 Fratres
636 1559 863 1614 capucini,
882 1570 926 1601 ut
942 1561 1179 1616 praefertur,
1195 1561 1350 1619 degunt
1368 1592 1383 1612 ,

352 1619 530 1675 ipsorum
562 1620 864 1674 Capucinorum
892 1619 1070 1674 personis
1110 1621 1383 1664 mediantibus

350 1676 716 1733 poffiderent,pro
753 1682 1059 1722 manutentione
1103 1682 1145 1722 in
1186 1678 1383 1733 poiseffio-

349 1750 475 1789 nem,
505 1738 542 1777 in
571 1750 652 1781 noii
682 1737 887 1778 modicum
903 1739 1092 1791 praeliata:
1111 1737 1295 1781 Ecclefiae
1320 1738 1383 1779 di·

349 1795 623 1851 spendium,ac
634 1794 924 1852 Jurisdi-ftionis
941 1795 1227 1844 Ecdefiasticae
1244 1795 1385 1851 praeJu·

345 1854 503 1896 dicium
519 1883 531 1905 ,
547 1855 753 1899 recursum
769 1855 997 1897 habuerunt
1012 1884 1024 1906 ‚
1041 1857 1080 1897 &
1095 1854 1269 1910 praedib‘ti
1291 1857 1384 1897 Fra-

347 1924 439 1958 tres
454 1913 654 1969 Capucini
679 1912 832 1955 eisdem
848 1914 1090 1957 Hominibus
1109 1914 1252 1957 Turris
1269 1917 1386 1956 Osta-

351 1986 410 2016 vae
442 1971 691 2016 adhaeserunt
718 1999 732 2021 ‚
766 1971 885 2029 seque
923 1984 1066 2016 contra
1114 1973 1388 2017 nullitatem...

345 2031 550 2076 dic‘tarum
580 2029 882 2077 concessionum
909 2034 1014 2075 tueri
1044 2033 1351 2087 praetendebant
1373 2061 1388 2083 ,

351 2091 420 2135 sub
445 2103 496 2131 eo
524 2098 753 2144 praetextu,
781 2088 891 2145 quod
916 2092 1079 2146 quidam
1117 2094 1293 2134 Thomas
1335 2091 1388 2134 de

353 2147 654 2198 Donna2dic‘lae
681 2149 821 2191 l'urris
841 2150 1006 2202 Incola,
1032 2149 1269 2193 reddituum
1287 2149 1389 2207 ejus?-

353 2209 451 2251 dem
497 2206 641 2250 Mensae
674 2207 1037 2264 Archiepiscopalis
1070 2211 1106 2250 in
1137 2209 1245 2252 disto
1277 2214 1389 2254 Loco

354 2266 499 2312 Turris
526 2266 785 2313 existentium
808 2267 908 2309 olim
930 2269 1166 2312 Conductor
1182 2297 1196 2320 ‚
1231 2269 1297 2311 sub
1320 2271 1389 2314 die

350 2327 485 2385 primo
508 2326 618 2381 Junii
651 2326 756 2373 Anni
785 2327 968 2382 proxime
1002 2329 1197 2382 praeteriti
1229 2327 1391 2373 fidem..-

353 2385 542 2434 faceret,
567 2386 605 2426 se
622 2384 750 2428 adhuc
766 2413 780 2434 ,
803 2384 899 2430 dum
925 2386 1123 2429 dictorum
1151 2386 1389 2431 reddituum

352 2442 501 2490 Mensae
544 2441 911 2498 Archiepiscopalis
959 2445 1202 2488 Condustor
1246 2445 1347 2489 effet
1375 2475 1390 2497 ,

345 2512 573 2557 tempore,
596 2517 678 2558 quo
709 2501 812 2543 dieta
842 2503 1050 2553 Ecclesia,
1084 2505 1120 2544 Sc
1142 2507 1297 2545 Domus
1331 2506 1391 2546 fa-

349 2562 515 2603 bricatae
535 2589 550 2612 ‚
580 2562 617 2602 δι
635 2563 798 2603 Fratres
818 2561 938 2615 ipsiin
956 2576 1023 2604 eas
1049 2562 1270 2604 introducti
1300 2561 1389 2605 fue-.

350 2629 444 2665 runt
459 2647 472 2673 ,
489 2619 538 2661 ab
556 2619 707 2663 eisdem
722 2620 930 2662 Fratribus
949 2649 962 2672 ,
976 2623 1012 2662 &
1028 2620 1121 2663 dieti
1147 2621 1225 2663 loci
1245 2622 1388 2664 Homi-

349 2679 468 2725 nibus
486 2679 725 2734 requisitus,
753 2677 932 2735 ejusdem
961 2681 1103 2726 Mensae
1121 2708 1133 2730 ,
1163 2682 1203 2721 &
1220 2682 1387 2723 Archie·

352 2738 506 2794 piscopi
535 2747 633 2783 tunc
659 2737 862 2781 existentis
887 2740 1078 2790 nomine,
1113 2738 1210 2781 licet
1243 2739 1387 2784 nulla„

348 2795 566 2840 sufficienti
595 2797 645 2839 ad
673 2797 751 2838 hoc
783 2795 979 2842 facultate
1006 2798 1055 2842 ad
1086 2798 1272 2843 similium
1292 2800 1387 2847 Uni,

349 2857 589 2901 versitatum
611 2883 624 2905 ‚
650 2857 705 2902 ὃς
742 2855 1002 2899 Personarum
1032 2858 1297 2912 Regularium
1329 2859 1388 2901 fa-

351 2928 491 2958 vorem
514 2914 794 2957 consentiendi
821 2915 1001 2958 suffultus
1026 2914 1124 2958 esset
1141 2946 1155 2968 ‚
1186 2931 1320 2974 neque
1345 2917 1387 2959 id

351 2973 498 3029 absque
522 2972 637 3016 Sedis
658 2973 899 3027 Apostolicae
921 2975 1181 3030 beneplacito
1210 2974 1386 3020 facere.)

350 3031 566 3088 potuisset,
595 3031 827 3076 consensum
853 3035 969 3080 dietis
1005 3035 1313 3089 Emptionibus,
1347 3037 1388 3076 &

351 3090 682 3135 Conceffionibus
700 3103 898 3136 oretenus
916 3092 1130 3148 praestitiffe
1145 3120 1159 3140 2
1183 3095 1223 3134 &
1244 3093 1389 3135 laude·

351 3150 432 3190 mia
457 3149 607 3194 eisdem
637 3151 844 3197 Fratribus
882 3150 1075 3194 relaxasse
1099 3179 1113 3200 a
1145 3153 1214 3202 δι,
1244 3161 1391 3209 quate-

342 3220 427 3250 vnus
441 3221 537 3262 opus
556 3206 654 3251 esset
672 3239 686 3262 ,
711 3212 749 3253 se
775 3210 828 3254 de
854 3226 963 3254 novo
988 3211 1178 3254 eumdem
1204 3210 1391 3253 Consen—

352 3261 438 3307 sum
465 3265 571 3330 dicto
601 3271 762 3313 nomine
787 3283 838 3317 ex
869 3285 973 3313 nunc
991 3299 1004 3322 ‚
1030 3280 1159 3327 ‘prout
1187 3285 1236 3314 ex
1264 3279 1389 3323 tunc,

352 3333 401 3365 ut
427 3323 525 3389 oli-ni
546 3325 807 3380 Conduetor,
842 3330 1053 3384 praestare,
1085 3331 1125 3371 &
1156 3329 1388 3373 laudemia„

354 3380 542 3437 praemisl'a
584 3384 794 3427 remittere
825 3391 865 3430 &
896 3389 1110 3431 relaxare.
1143 3388 1260 3431 Idem
1291 3390 1391 3432 vero

289 3461 293 3464 ⁴
354 3439 585 3495 Alphonsus
618 3443 851 3487 Cardinalis
893 3445 1234 3505 Archiepiscopus
1271 3462 1385 3491 non-v

355 3498 600 3565 obstantibus
627 3500 787 3544 frivolis
815 3506 1039 3562 hujusmodi
1057 3506 1385 3564 praetenlionibus

357 3556 666 3623 devolutionem
695 3561 890 3606 dictarum
914 3567 1137 3609 Terrarum
1169 3567 1222 3607 ob
1248 3569 1383 3609 causas

356 3615 562 3673 ptaedic‘tas
591 3617 641 3661 ad
674 3619 848 3663 mensam
878 3625 1109 3676 praedic‘tam
1137 3623 1282 3667 sanam
1310 3619 1389 3667 esse

356 3675 589 3717 declaravit
618 3703 631 3725 ‚
674 3692 844 3732 eamque
877 3684 1106 3738 acceptavit
1133 3711 1148 3733 ·,
1185 3695 1308 3741 atque
1339 3683 1388 3726 ad

357 3734 576 3776 nonnullos
593 3736 700 3775 astus
717 3765 731 3785 ,
747 3738 870 3779 etiam
885 3740 1123 3794 Judiciarios
1140 3773 1153 3795 ‚
1169 3754 1309 3787 contra
1325 3743 1390 3784 di-

355 3795 442 3838 ctos
472 3796 635 3836 Fratres
668 3807 808 3838 coram
836 3797 988 3842 dilecto
1015 3801 1119 3846 Filio
1142 3803 1325 3856 NostrO,
1349 3803 1390 3848 δε

1176 208 1705 300 Provincia
1762 213 1765 218 ’

1460 321 1647 373 Οαιῃὲτε
1673 322 1919 382 Apostolicae
1943 321 2178 368 Causarum»
2196 323 2394 367 Generali
2419 325 2506 367 Au-

1457 386 1594 432 ditore
1622 402 1700 444 pro
1725 385 1836 427 distae
1870 385 1943 427 suae
1967 384 2115 427 Mensae
2146 384 2471 441 reintegratione
2488 412 2503 436 ,

1455 448 1496 488 «Se
1523 447 1796 490 indemnitate
1826 442 2000 486 devenit
2017 472 2029 482 .

1515 508 1602 547 Nos
1619 506 1756 562 itaque
1779 501 1920 546 habita
1937 502 1990 544 de
2011 500 2209 555 praemiffis
2220 501 2369 545 notitia*
2381 515 2507 558 nego-

1455 562 1565 604 cium
1587 565 1663 606 hoc
1683 563 1895 606 nonnullis
1924 561 2001 619 piis
2033 563 2072 602 ὃς
2087 561 2260 603 eruditis
2278 562 2384 603 Viris
2411 575 2507 603 exa-

1456 621 1695 664 minandum
1706 651 1721 674 ,
1736 621 1776 661 &
1792 621 1923 664 Nobis
1938 619 2208 663 referendum
2220 621 2506 670 commisimus,

1450 678 1563 736 juxta
1582 695 1754 737 quorum
1781 679 2032 722 relationem
2049 678 2335 729 attendentes,
2353 681 2506 722 Terras

1449 738 1680 796 hujusmodi
1715 738 1786 782 sub
1820 739 2076 804 proprietate
2107 740 2146 779 &
2173 737 2296 792 pleno
2314 736 2506 779 Dominio

1447 797 1595 842 Mensae
1625 798 2005 853 Archiepiscopalis
2024 828 2038 850 ‚
2073 800 2112 839 &
2158 795 2385 839 Praebendae
2417 798 2502 837 Ca-

1448 856 1649 900 nonicalis
1673 858 1954 912 praedictarum
1989 856 2218 913 respeffive
2250 855 2500 904 existentes,

1445 919 1485 958 δε
1500 914 1755 972 ρτίῐῃοάὶέὶῐς
1770 916 2099 969 particularibus
2120 915 2299 971 personis
2317 913 2386 955 sub
2401 925 2506 955 one-

1446 990 1492 1018 re
1526 972 1795 1030 responfionis
1821 998 1835 1020 ‚
1868 974 1908 1012 &
1939 974 2181 1016 medietatis
2206 973 2386 1015 omnium
2421 971 2508 1011 fru-

1447 1038 1584 1076 etuum
1603 1032 1755 1076 eisdem
1787 1029 1939 1072 Mensae
1966 1032 2006 1072 &
2033 1031 2261 1073 Praebendae
2277 1028 2507 1086 respective

1446 1092 1642 1137 fasiendae
1662 1087 1884 1136 concessas,
1902 1090 1942 1130 in
1966 1090 2264 1133 Univeriitates
2290 1091 2330 1128 δε
2360 1088 2506 1130 Colle-

1445 1154 1508 1208 gia
1526 1179 1540 1201 ,
1561 1161 1628 1194 aut
1650 1148 1852 1193 Ecclessas
1866 1178 1882 1199 ,
1904 1149 1945 1189 δε
1962 1149 2022 1204 pia
2041 1149 2131 1190 loca
2153 1177 2167 1199 ,
2193 1147 2261 1191 seu
2276 1146 2467 1202 personas
2482 1174 2498 1196 ,

1450 1215 1491 1256 in
1509 1210 1654 1267 quibus
1672 1207 1892 1252 devolutio
1915 1209 1956 1248 &
1969 1207 2176 1250 caducitas
2195 1206 2332 1248 locum
2350 1206 2506 1247 habere

1449 1284 1529 1315 non
1546 1265 1677 1325 potest
1691 1295 1704 1318 ‚
1722 1267 1893 1310 alienari
1910 1269 1950 1307 &
1965 1265 2133 1308 distrahi
2154 1278 2233 1307 non
2251 1261 2421 1320 potuisse
2435 1290 2449 1312 a
2465 1264 2506 1304 &

1449 1338 1674 1387 propterea
1707 1338 1790 1369 tam
1824 1325 2112 1381 acquisitiones
2149 1337 2225 1378 per
2252 1323 2381 1364 dictos
2396 1321 2506 1364 dile-

1447 1395 1531 1432 ctos
1556 1389 1715 1432 Electus
1737 1385 2025 1429 Universitatis
2045 1383 2229 1430 nomine,
2244 1383 2366 1437 quam
2381 1383 2497 1424 Con-

1447 1447 1639 1490 eeffiones
1662 1444 1817 1489 eisdem
1850 1444 2063 1487 Fratribus
2093 1440 2321 1497 Capucinis
2348 1438 2500 1490 fastas,

1448 1503 1667 1561 praesertim
1684 1501 1797 1547 nulia
1815 1500 1928 1545 dic'tae
1948 1502 2097 1546 Mensae
2121 1503 2160 1543 &
2186 1498 2416 1542 Praebendae
2430 1498 2505 1540 da-

1449 1562 1490 1606 [ἃ
1508 1560 1891 1618 recompensatione
1906 1589 1920 1609 ‚
1947 1561 2018 1605 sed
2047 1575 2122 1604 nec
2140 1559 2267 1603 etiam
2286 1557 2502 1601 laudemiis

1447 1621 1668 1680 persolutis
1685 1650 1699 1673 ‚
1719 1626 1791 1661 aut
1809 1621 1902 1661 Con
1912 1619 2023 1662 sensu
2052 1619 2192 1676 aliquo
2219 1616 2504 1673 Archiepisco-

1450 1695 1594 1740 porum
1616 1710 1629 1731 ,
1645 1682 1685 1720 &
1705 1677 1818 1722 sedis
1836 1678 2081 1734 Apostolicae
2100 1708 2115 1729 ,
2138 1691 2272 1732 neque
2288 1685 2382 1719 ante
2397 1704 2413 1726 ,
2426 1688 2503 1718 ne-

1450 1754 1530 1795 que
1558 1739 1641 1796 post
1670 1738 1871 1780 dictorum
1890 1738 2094 1780 bonorum
2119 1735 2390 1777 traditionem
2405 1732 2499 1778 sub-

1449 1797 1590 1838 secuto
1606 1827 1615 1845 ‚
1633 1794 1740 1836 facie
1757 1794 1918 1848 insuper
1938 1797 2016 1836 loci
2036 1792 2252 1836 immutata
2271 1825 2283 1843 ‚
2315 1790 2497 1834 Vitibus·

1449 1869 1526 1913 qu:
1539 1857 1579 1896 &
1600 1852 1826 1899 Arboribus
1842 1852 2049 1904 evulfis,in
2069 1866 2146 1896 non
2166 1852 2374 1893 modicum
2386 1851 2500 1893 dietae

1454 1913 1599 1957 Mensae
1615 1911 1655 1953 &
1673 1910 1899 1955 Praebendae
1924 1911 2203 1966 praejudicium
2222 1939 2235 1961 ‚
2268 1925 2354 1962 quae
2383 1924 2497 1952 non..-

1453 1973 1580 2017 solum
1598 1973 1782 2028 praediRa
1801 1971 2034 2014 medietatis
2051 1970 2256 2012 fruetuum
2274 1969 2501 2023 responsio-

1455 2032 1745 2084 ne,sedTerris
1764 2030 1891 2072 etiam
1908 2030 1996 2085 ipsis
2009 2031 2049 2071 in
2069 2039 2316 2085 perpetuum
2334 2029 2502 2084 privatae

1455 2093 1732 2145 remanserunt
1747 2116 1762 2139 ‚
1780 2089 1913 2132 nullas
1945 2091 1986 2131 &
2011 2087 2212 2132 invalidas
2231 2086 2342 2130 suiffe
2357 2089 2396 2128 &
2419 2085 2502 2130 effe

1453 2152 1727 2195 declaramus.
1746 2147 1952 2191 Volentes
1969 2159 2104 2193 tamen
2123 2148 2241 2203 super
2266 2147 2466 2203 praemiffis
2480 2175 2496 2200 Ἃ

1453 2225 1616 2254 omnem
1649 2208 1930 2253 diuturnioris
1963 2206 2242 2250 contentionis
2278 2206 2497 2248 materiam

1454 2280 1540 2314 tum
1570 2278 1911 2324 amputare-,tum
1925 2267 2123 2310 dictorum
2155 2267 2234 2308 FF·
2262 2267 2497 2320 Capucino-

1454 2343 1546 2373 rum
1562 2330 1679 2371 statui
1710 2329 1751 2368 ὃς
1777 2324 2031 2370 conscientiae
2047 2323 2254 2367 securitati
2271 2333 2495 2379 ‚quantum

1455 2402 1548 2430 cum
1567 2387 1747 2429 Domino
1764 2383 1967 2440 possumus
1987 2384 2257 2439 ‚opportune
2286 2382 2496 2436 prospice-

1456 2460 1500 2488 re
1515 2471 1529 2492 ,
1542 2460 1586 2488 ac
1604 2460 1673 2488 eos
1686 2471 1700 2490 2
1716 2455 1758 2485 ut
1777 2444 1929 2484 divinis
1946 2442 2146 2497 obsequiis
2161 2455 2233 2491 ea,
2251 2455 2327 2496 qua
2353 2439 2497 2491 decet,

1453 2506 1593 2558 quiete
1628 2517 1778 2547 vacare
1808 2502 1975 2543 valeant
1990 2530 2005 2552 ‚
2035 2499 2271 2556 specialibus
2290 2498 2496 2542 favoribus

1453 2564 1494 2604 δι
1511 2563 1649 2618 gratiis
1668 2561 1881 2617 prosequi,
1908 2562 2096 2616 piamque
2116 2559 2311 2614 Alphonfi
2341 2559 2496 2601 Cardi-

1453 2624 1554 2665 nalis
1571 2619 1881 2676 Archiepiscopi
1906 2634 2005 2676 erga
2030 2619 2154 2662 dictos
2180 2620 2343 2661 Fratres
2358 2621 2499 2671 Capu-

1452 2682 1566 2723 cinos
1584 2681 1850 2725 voluntatem
1881 2678 2194 2725 collaudantes,
2212 2676 2279 2732 qui
2306 2676 2497 2719 nedum,

1451 2741 1730 2784 emolumenta
1745 2753 2009 2795 quaecumque
2039 2752 2089 2780 ex
2105 2736 2220 2778 dietis
2252 2735 2391 2777 Terris
2407 2749 2499 2791 pro·-

1454 2809 1576 2841 venta
1596 2801 1661 2851 ,ὃς
1677 2799 1963 2854 provenientia
1991 2796 2059 2838 fibi
2074 2795 2215 2838 debita
2244 2795 2285 2835 &
2300 2794 2490 2838 debenda

1452 2858 1605 2901 eisdem
1625 2857 1833 2902 Fratribus
1859 2854 2096 2899 condonare
2124 2852 2282 2910 semper
2310 2852 2492 2904 obtulit,

1452 2916 1521 2960 sed
1535 2918 1662 2959 etiam
1685 2914 1958 2959 concessiones
1975 2914 2178 2971 praedic‘tas
2194 2912 2248 2957 de
2264 2911 2376 2956 dietis
2396 2914 2496 2955 Ter·

1451 2976 1504 3018 ris
1532 2975 1581 3018 ad
1610 2975 1849 3018 eorumdem
1879 2977 2068 3016 Fratrum
2095 2970 2207 3012 usum
2229 2971 2280 3028 βε
2309 2985 2493 3013 commo-

1453 3033 1549 3076 dum
1566 3062 1579 3084 ‚
1598 3047 1670 3087 per
1687 3039 1772 3075 Nos
1788 3030 2023 3086 Apostolica
2056 3028 2296 3073 auctoritate
2310 3054 2324 3075 a
2354 3029 2491 3086 aliqua

1454 3103 1587 3136 tamen
1608 3091 1892 3145 recognitione
1922 3090 2034 3132 dirtae
2054 3089 2236 3132 Ecclesia.-
2265 3087 2337 3129 suae
2357 3087 2492 3131 reser-

1457 3149 1550 3194 vati
1564 3180 1579 3201 ,
1595 3148 1816 3194 revalidari
1832 3147 1967 3204 saepius
1983 3147 2249 3204 supplicavit3
2269 3148 2488 3190 Terrarum

1455 3210 1728 3268 praedicffla'rum
1759 3208 2009 3265 quantitates
2025 3237 2038 3259 ,
2070 3206 2319 3264 qualitates,
2351 3204 2451 3250 fines
2471 3233 2486 3257 ‚

1454 3268 1805 3315 mensurationes„
1827 3267 2123 3310 nominationes
2139 3296 2154 3317 ,
2186 3266 2408 3315 vocabula,
2440 3279 2486 3308 ac

1453 3329 1750 3383 responsionum
1773 3325 1998 3383 hujusmodi
2027 3325 2271 3369 solutionum
2285 3324 2430 3370 modos
2443 3324 2484 3364 δι

1452 3398 1637 3442 tempora
1653 3414 1666 3438 ‚
1685 3400 1760 3429 nec
1777 3400 1858 3429 non
1889 3386 1988 3429 alias
2016 3382 2235 3427 necessario
2248 3383 2483 3436 exprimen-

1449 3446 1522 3488 das
1537 3446 1858 3489 circumstantias
1873 3473 1887 3495 ‚
1920 3445 2201 3499 difflorumque
2231 3440 2480 3486 Instrumen-

1449 3515 1584 3550 torum
1607 3517 1773 3548 tenores
1802 3506 2060 3562 praesentibus
2090 3517 2164 3558 pro
2191 3498 2379 3554 expreffis
2412 3499 2480 3540 ha-

1446 3567 1620 3618 bentes3
1641 3568 1759 3607 Motu
1777 3566 1941 3621 proprio
1956 3579 2005 3607 ex
2020 3571 2130 3605 certa
2147 3557 2308 3602 scientia
2326 3556 2478 3608 nosti-a,

1453 3640 1495 3670 ac
1513 3624 1565 3667 de
1583 3625 1825 3679 Apostolicae
1857 3622 2064 3675 potestatis
2089 3615 2342 3675 plenitudine
2366 3619 2477 3658 Cau·

1454 3683 1532 3725 sam
1546 3688 1586 3725 ὅσ
1598 3683 1746 3726 Causas
1760 3682 2027 3738 quascumque
2043 3678 2158 3733 super
2175 3674 2373 3732 praemiffis
2387 3689 2476 3715 mo-

1452 3754 1513 3786 tas
1543 3745 1583 3784 &
1609 3742 1851 3785 introductas
1875 3744 2166 3797 &quocumque
2185 3762 2198 3783 2
2220 3733 2285 3776 seu
2313 3731 2474 3789 quibus·

1451 3816 1625 3860 cumque
1642 3793 1858 3859 'Judicibus
1885 3802 1933 3845 ad
1962 3803 2048 3843 Nos
2075 3799 2220 3840 harum
2247 3793 2350 3837 serie
2375 3807 2472 3834 avo-

2321 3864 2414 3898 can-
