2716 4042
765 172 1766 265 IS’AGOGES.
2162 182 2297 265 xix

243 292 386 362 toni.
418 293 496 365 δέ’
544 292 647 361 tit.
688 295 789 359 cit.
815 289 935 377 fol.
966 299 1105 372 146.
1134 313 1191 354 n.
1223 313 1361 377 195.
1400 311 1529 358 tum
1567 318 1642 360 ex
1674 296 1848 384 Stylo
1887 296 2090 362 Curiae
2126 297 2358 362 Roma}

245 412 337 452 nae
374 437 391 464 ,
437 408 573 455 tum
628 409 704 453 ex
747 383 998 449 arbitrio
1050 385 1169 449 viri
1219 387 1541 475 prudentis
1588 390 1646 453 δί
1690 387 1913 478 probi,
1962 388 2062 455 seu
2088 392 2356 472 Judicis„

246 481 368 572 qui.
395 504 467 546 ex
501 483 628 567 jure
662 476 986 549 communi
1020 526 1035 551 ‚
1082 479 1140 542 ἃ
1183 475 1414 545 servata
1457 481 1599 545 alias
1650 482 1717 543 in
1763 479 2055 548 similibus
2107 483 2356 548 consue-

245 573 462 640 tudine
513 574 896 640 voluntatem
948 570 1250 660 Principis
1305 571 1481 636 facile
1532 572 1829 657 attingere
1870 576 2098 663 poterit
2124 625 2140 652 ‚
2188 572 2358 640 desu-

244 667 336 731 mi
375 716 392 743 ‚
439 669 496 733 8<
532 662 784 730 decerni
831 659 1029 726 debet·
1058 662 1208 726 Abb.
1247 661 1316 726 in
1357 684 1400 728 c.
1436 685 1506 727 ex
1543 663 1954 751 conquestione
1984 692 2040 732 n.
2061 691 2120 749 4.
2150 668 2220 735 de
2264 689 2357 733 re-

235 761 370 849 stit.
383 758 533 846 spol.
573 755 822 821 Felinns
846 802 863 830 ,
902 752 1265 820 Menochius
1285 751 1409 822 &a
1452 759 1843 819 Remanente
1881 775 2087 822 tamen
2120 762 2198 824 ad
2229 759 2359 824 haec

244 854 375 918 acta
407 849 602 916 dubio
631 897 650 924 ,
708 870 788 912 an
828 843 997 912 causa
1032 845 1385 933 subreptitia
1419 847 1671 936 allegata
1703 846 1775 911 fit
1809 850 2085 927 motiva,
2114 854 2216 915 vel
2247 855 2360 916 im-

243 942 516 1040 pulfiva,
558 964 698 1007 eam
737 934 854 1004 esse
892 937 1287 1030 impulsivam
1335 946 1576 1005 tantum
1616 956 1785 1005 tenet
1817 940 2212 1008 Reiffenstuel
2260 946 2359 1009 cit.

244 1063 315 1108 ex
359 1033 538 1128 Gloffi
552 1035 740 1123 final.
782 1034 852 1098 in
891 1032 927 1095 l.
954 1055 1006 1095 2.
1056 1033 1126 1098 de
1170 1029 1654 1109 Donationibn5‚
1698 1047 1913 1099 contra
1956 1057 2088 1099 non
2129 1057 2359 1124 paucos

246 1130 619 1200 contrarium
658 1123 1012 1198 affe-renteS,
1053 1123 1383 1215 censetque
1413 1148 1532 1214 pro
1572 1126 1782 1193 valore
1829 1125 1999 1191 astus
2037 1175 2054 1202 ‚
2100 1127 2183 1192 ob
2217 1127 2362 1213 juris

243 1219 783 1316 praesumptionem
833 1216 1090 1302 judicari
1130 1218 1356 1284 debere
1395 1266 1411 1293 ,
1476 1220 1728 1309 quando
1771 1216 2038 1308 pensatis
2075 1217 2365 1286 omnibus

248 1311 714 1383 circumstantiis
749 1309 1002 1375 dubium
1040 1310 1244 1377 adhuc
1280 1329 1593 1377 remanet.
1639 1335 1684 1378 c.
1726 1312 1971 1378 Abbate
2014 1330 2113 1392 25.
2161 1317 2369 1394 §.con-

250 1427 360 1478 tra
404 1406 475 1474 de
517 1402 916 1492 Wrbfignt'fi
947 1401 1052 1468 ubi
1081 1406 1330 1479 dicitur,
1354 1401 1623 1488 profifc‘lh
1651 1408 1748 1468 ita
1774 1403 2184 1489 intelligenda
2204 1406 2393 1490 fitnt¹

250 1501 441 1570 verba
464 1548 481 1576 ,
524 1515 591 1564 ut
638 1519 735 1563 res
764 1544 781 1571 ‚
839 1495 912 1561 de
952 1520 1076 1585 qua
1116 1514 1351 1582 agatur
1373 1541 1390 1568 ,
1445 1495 1652 1558 valere
1680 1493 1845 1579 pqffit
1873 1495 2084 1579 potins
2105 1542 2125 1568 ,
2175 1497 2370 1583 qudm

243 1598 486 1684 perire:
525 1591 988 1677 concordatque
1026 1606 1222 1652 textus
1250 1591 1321 1651 in
1356 1586 1392 1648 l.
1421 1586 1656 1673 quoties
1689 1588 1759 1651 in
1790 1583 2012 1659 aldion.
2045 1581 2129 1672 ffi
2165 1588 2250 1653 de.
2275 1609 2370 1652 re-,s

250 1690 354 1752 bus
390 1685 620 1759 dubiis,
654 1678 946 1754 asserenS,
994 1680 1229 1767 quoties
1265 1678 1562 1765 ambigua
1601 1681 1803 1745 oratio
1837 1679 1916 1766 (ss
1942 1727 1960 1753 ‚
2010 1680 2366 1766 communis:

233 1782 470 1867 fimum
498 1776 576 1862 est
610 1774 684 1838 id
707 1775 902 1858 accipi
918 1771 1134 1864 ,quod
1163 1793 1260 1839 res
1284 1820 1303 1848 ,
1332 1770 1403 1837 de
1434 1793 1559 1862 qua
1590 1786 1860 1863 agatur,
1878 1773 2086 1861 magis
2118 1775 2370 1850 valeat,

263 1870 453 1961 qudm
481 1878 731 1955 pereat,

593 2108 1511 2201 SECTIO
1712 2108 2032 2203 VII.

714 2328 812 2396 De
859 2330 1006 2419 aliis
1052 2331 1509 2418 Restriptorum
1555 2329 1902 2421 erroribus?

268 2519 846 2730 QUantumvis
875 2522 940 2585 in
972 2524 1163 2587 Curia
1199 2521 1481 2586 Romana
1511 2517 1732 2585 Libelli
1767 2517 2069 2610 supplices
2106 2519 2369 2607 plerum÷

520 2636 641 2704 que
679 2614 1007 2679 vernacula
1048 2614 1255 2705 lingua
1298 2629 1653 2688 exarentur,
1691 2611 2007 2701 Rescripta
2040 2627 2251 2676 tamen
2291 2611 2373 2675 ad

535 2730 642 2771 eos
683 2710 824 2772 data
852 2757 867 2783 ,
908 2708 1096 2772 latine
1130 2709 1582 2796 exprimuntur.
1637 2708 1894 2796 Exque
1931 2727 2202 2770 errorem
2239 2704 2370 2769 lati-

264 2801 504 2874 nitatiS‚
533 2800 876 2863 dummodo
917 2800 1072 2864 levis
1106 2823 1235 2863 non
1275 2799 1380 2874 fit,
1410 2797 1795 2884 Rescriptum
1833 2798 2049 2862 vitiare
2086 2795 2372 2871 infertur,

267 2906 564 2983 patetque
586 2914 629 2956 c.
650 2891 738 2956 ad
751 2890 1139 2956 audientiam
1164 2893 1267 2957 XI.
1288 2891 1358 2955 de
1379 2888 1642 2976 Restrip.
1664 2888 1767 2952 ubi
1785 2892 1948 2977 Papa
1967 2889 2263 2952 Clemens
2276 2886 2373 2952 ΙΙΙ.

267 2988 389 3052 ait:
420 2983 635 3074 quibus
673 2984 965 3070 (litteris)
1008 3005 1140 3049 cum
1169 2981 1555 3070 manifestum
1577 2988 1888 3049 continent
1905 2983 1975 3046 in
2002 2975 2373 3055 construcftio-

268 3101 346 3146 ne
371 3092 687 3164 peccatum
708 3125 725 3152 ,
749 3075 952 3162 fidem
982 3094 1044 3143 te
1075 3078 1350 3142 nolumus
1378 3073 1692 3149 adhibere,
1714 3075 1979 3165 citatque
1996 3075 2265 3157 Fagnan.
2301 3070 2375 3134 in

272 3173 380 3238 hoc
410 3192 455 3234 c.
476 3191 636 3234 num.
660 3191 708 3231 1.
745 3168 926 3253 hujus
959 3167 1291 3255 assertionis
1324 3167 1606 3255 sequaces
1624 3169 1740 3248 ,Jo.
1762 3167 1926 3229 And.
1940 3163 2111 3256 Bam.
2132 3163 2378 3227 Bellam.

271 3268 428 3328 Butr.
479 3261 664 3325 Card.
701 3261 905 3325 Anch.
954 3260 1183 3326 Barbat.
1219 3261 1408 3327 Felin.
1440 3260 1555 3324 &c.
1601 3259 1896 3348 additque
1943 3257 2244 3320 rationem
2300 3277 2377 3320 ex

272 3351 481 3420 Gloffa
505 3357 576 3418 in
609 3352 662 3416 d.
689 3374 733 3415 c.
762 3354 937 3442 quod
978 3352 1224 3442 eoipsb,
1272 3352 1445 3442 quod
1480 3351 1710 3441 Littere
1746 3347 2139 3437 Apostolice,
2178 3347 2237 3410 ἃ
2258 3347 2377 3412 Re-

274 3447 495 3537 scripta
518 3466 639 3535 yper
679 3445 881 3534 plures
922 3443 1224 3511 transeant
1260 3465 1506 3518 manuS,
1552 3440 1630 3511 ὃ)
1669 3463 1905 3528 magna
1944 3442 2375 3506 maturitates

284 3540 703 3628 decoquantur
740 3585 756 3612 ‚
806 3559 1075 3602 errorem
1127 3542 1161 3603 a
1196 3556 1290 3603 tot
1325 3534 1621 3600 Ministris
1658 3557 1790 3599 non
1822 3526 1991 3597 fuisse
2029 3532 2375 3603 detestum,

279 3633 335 3698 8<
358 3630 698 3699 correfitum
718 3678 734 3706 ,
754 3628 1021 3721 presumi
1040 3654 1172 3696 non
1192 3627 1402 3718 poffit‚
1445 3627 1662 3692 &ideo
1681 3628 1905 3693 litteras
1934 3625 2292 3691 deficientes
2314 3622 2380 3684 in

1494 3721 1540 3785 d
1565 3742 1600 3784 2
2146 3716 2291 3800 figu-
