2618 4108
345 205 540 305 ‘294

453 407 502 457 S.
529 408 730 477 Congreg.
763 407 901 480 Epist.
930 415 984 458 δέ
1015 410 1173 477 Regul-

557 289 1068 334 EPISTOLA.

298 543 388 589 Pro
408 539 660 589 Conventu
680 535 904 588 Roboreti
932 537 957 586 ὲ
992 541 1102 588 RR.
1123 538 1212 587 PP.
1232 537 1334 587 Ob-

366 607 656 673 servantibus
680 604 964 662 Reformatis
995 607 1332 666 construendo,

365 676 639 728 consensum
664 678 690 726 ὲ
713 677 948 728 Fratribus
977 678 1139 730 nostris
1168 678 1330 728 datum

360 744 913 820 effe‘AEpiscopoiPrincipi
926 749 1204 804 Tridentino
1219 766 1331 801 nun-

355 833 497 869 natur
513 855 527 869 .
1153 850 1185 881 e,

346 948 473 1007 mast.
490 948 538 998 (5
552 948 788 1008 Ampliffi’me
804 953 971 995 Domine
987 978 1003 1003 2
1017 949 1079 994 uti
1093 954 1241 997 Frater
1255 980 1268 994 .

432 1067 674 1111 Uantumvis
711 1069 978 1116 Provincialis
1009 1071 1050 1111 δι
1076 1068 1323 1114 Definitores

289 1066 845 1228 QFF.Capucinorum
872 1127 1096 1174 Provinciae
1126 1132 1168 1172 S.
1189 1131 1325 1172 Anto-

289 1178 294 1187 ’
470 1185 553 1236 nii,
571 1185 652 1228 five
669 1187 855 1239 Venetae,
871 1199 1059 1244 tempore
1072 1186 1202 1243 elapso
1218 1187 1323 1244 πετὲ

283 1256 433 1298 capere
474 1245 688 1298 potuerint
718 1273 731 1295 ,
769 1248 876 1302 quod
905 1248 945 1289 in
980 1248 1072 1289 loco
1090 1247 1324 1299 Roboreti,

280 1301 389 1344 istius
405 1301 605 1345 Dioecefis
621 1333 637 1354 ,
652 1302 720 1359 ipsi
743 1331 757 1355 ,
781 1306 821 1346 δι
847 1306 927 1348 FF.
941 1305 1214 1349 Observantes
1236 1307 1325 1348 Re-

281 1357 451 1403 formati
480 1389 497 1410 ,
541 1360 590 1403 ad
625 1361 944 1408 construendum
985 1363 1040 1406 ibi
1072 1363 1239 1411 Ordinis
1266 1363 1325 1408 sui

285 1421 555 1461 Conventum
578 1420 712 1463 vocati
737 1449 752 1472 ‚
794 1434 846 1464 ex
871 1420 1141 1476 eleemosynis
1171 1437 1323 1479 oppor-

283 1476 382 1519 tune
400 1476 609 1521 sustentari
623 1478 768 1535 poffint
781 1508 794 1531 ,
827 1481 1090 1525 nihilominus
1107 1481 1203 1524 dieti
1221 1483 1324 1524 Pro·-

282 1535 475 1579 vincialis
503 1538 842 1590 &Definitores,
871 1549 959 1582 tum
985 1554 1187 1583 memores
1215 1541 1320 1586 obli·

282 1594 460 1651 gationis
484 1597 524 1637 &
551 1597 765 1640 charitatis
791 1625 805 1649 ,
834 1612 954 1654 quam
984 1611 1124 1641 eorum
1154 1603 1319 1643 Fratres

284 1655 305 1696 a
340 1653 562 1696 memorati
590 1655 671 1699 loci
686 1656 860 1699 Civibus
882 1657 1114 1713 recipiunt,
1145 1660 1184 1702 δι
1202 1674 1318 1714 quam

281 1711 448 1755 uberius
474 1726 636 1769 quoque
664 1715 944 1770 recipiendam
976 1714 1058 1761 effe
1077 1716 1287 1763 confidunt
1307 1745 1321 1770 ,

285 1780 373 1814 tum
404 1771 593 1816 stimulati
623 1786 674 1815 ex
705 1773 846 1816 affeetu
882 1803 896 1826 ,
933 1789 1052 1831 quem
1087 1790 1183 1833 erga
1215 1777 1316 1834 ipsos

284 1829 368 1873 PP.
393 1829 659 1875 Reformatos
687 1843 868 1887 gerunt,
893 1831 963 1876 sub
995 1834 1141 1878 eodem
1171 1835 1317 1878 saneto

283 1887 524 1932 fundatore
556 1891 778 1935 militantes
806 1921 820 1943 ,
863 1892 1069 1935 mediante
1104 1894 1314 1949 ipsorum

279 1951 327 1992 P.
344 1949 624 1991 Procuratore
644 1951 841 1993 Generali
857 1979 871 2002 ,
899 1966 974 2006 pro
1000 1965 1109 1993 novo
1123 1956 1316 1998 Conven-

281 2017 344 2058 tu,
358 2006 379 2047 a
397 2006 511 2052 dietis
527 2007 945 2060 PP.Observantibus
961 2011 1211 2057 Reformatis
1226 2015 1315 2055 Ro·

284 2065 423 2111 boreti
440 2065 845 2122 construendoffuum
864 2069 930 2109 hic
948 2069 1202 2123 prebuerunt
1219 2084 1313 2114 con·-

281 2123 466 2167 sensum.
497 2123 624 2183 Qod
651 2137 701 2166 ex
717 2125 850 2167 Emin·
884 2129 978 2170 DD.
998 2142 1178 2171 meorum
1200 2144 1311 2173 man-

278 2181 384 2225 dato
401 2182 580 2237 Amplit.
598 2184 696 2224 Tuae
711 2182 902 2237 significo,
916 2195 1114 2240 quatenus
1128 2189 1168 2227 &
1181 2188 1310 2232 idem-

280 2240 410 2296 ipsum
442 2240 488 2280 iis
515 2239 647 2282 libere
674 2241 891 2297 permittat
915 2271 929 2295 ,
960 2257 1039 2285 non
1071 2244 1309 2291 obstante-2

278 2297 571 2348 ordine‚alizis
596 2298 636 2340 in
653 2302 905 2344 contrarium
931 2302 1057 2354 dato,
1084 2301 1308 2347 dummodo

276 2358 331 2402 de
359 2365 509 2399 caetero
541 2357 677 2414 quoad
716 2358 908 2403 fabricam
940 2361 1034 2404 dicti
1065 2362 1303 2406 Conventus

277 2416 407 2458 forma
424 2444 439 2469 ‚
468 2418 508 2458 δι
534 2415 795 2461 conditiones
819 2419 858 2461 in
884 2422 1067 2463 Decreto
1089 2425 1175 2465 Suae
1203 2426 1305 2466 San-

279 2473 430 2516 &itatis
454 2505 470 2526 ,
511 2476 550 2516 &
575 2474 662 2517 aliis
693 2479 884 2521 Decretis
896 2479 976 2526 ὅτε,
1005 2490 1202 2525 contentae
1223 2479 1304 2526 ser-

276 2542 452 2578 ventur.
484 2536 597 2576 Deus
623 2535 725 2576 Eam
748 2536 990 2587 conservet,

287 2610 294 2614 ·
332 2594 477 2635 Romae
507 2592 686 2650 10.Junii
709 2595 830 2651 1633.

331 2714 393 2758 Ex
426 2708 581 2766 Regcsso
605 2713 751 2758 δειναί.
777 2713 892 2756 dmae
924 2721 1113 2776 congreg.
1152 2719 1197 2759 de
1225 2732 1299 2774 quo

387 2771 544 2823 Exemp.
567 2772 610 2809 in
634 2771 755 2812 Arch.
774 2774 961 2822 Generali
983 2777 1078 2820 Ord.
1095 2778 1298 2825 Armorio.

391 2826 584 2872 Custodia
607 2828 860 2891 Tridentina-

1071 174 1661 263 Cufi‘odia.

1389 289 1593 344 Causam
1626 293 1904 344 fundationis
1939 295 2134 347 duarum
2174 304 2420 354 Domuum

1458 365 1504 412 in
1535 365 1749 414 Vallibus
1771 367 1974 416 Condini
2003 367 2052 418 (St
2089 371 2255 428 Maleti
2274 375 2299 421 a
2318 378 2420 423 Sac-

1460 437 1836 504 Congregatione
1863 436 2012 505 Episc.
2039 436 2089 489 &
2113 442 2283 508 Regul.
2301 445 2358 493 ad
2375 444 2419 493 se

1463 508 1628 559 avocat
1663 506 1710 558 ὅ(
1736 506 2034 559 contra'RR.
2063 511 2152 559 PP.
2181 508 2419 563 Reforma-

1465 588 1567 633 tos,
1599 573 1778 629 fabricae
1804 577 1852 632 ὅ(
1879 574 2158 628 fundationis
2189 578 2417 647 perfectio-

1462 661 1567 694 nem
1605 645 1830 716 Episcopo
1863 650 2060 717 Principi
2090 652 2369 702 committit.

1463 763 1502 811 A
1527 772 1647 820 tergo
1668 778 1681 814 ς
1719 765 1937 811 Venerabili
1961 771 2134 821 Fratri,
2157 739 2338 826 Epssopo
2371 758 2374 761 v

1768 825 1996 870 Tridentino
2009 856 2022 869 .

1387 944 1932 1001 BENEDICTUS
1985 949 2195 998 PAPA
2245 941 2413 1000 XIV.

1446 1064 1679 1110 Vena-rebius
1693 1067 1839 1108 Frater
1842 1065 2019 1123 salutem
2033 1065 2091 1116 &s
2101 1063 2358 1123 Apostolicam

1730 1123 2034 1170 Benediffionem
2047 1153 2059 1166 .
2396 1130 2401 1163 J

1496 1239 1703 1287 Audabile
1726 1245 2004 1288 Romanorum
2029 1243 2272 1287 Pontificum
2298 1245 2409 1287 Prae·

1524 1299 1777 1344 decessorum
1810 1304 2034 1348 nostrorum
2062 1303 2290 1347 institutum
2322 1303 2408 1354 est,

1384 1369 1446 1409 ut,
1460 1359 1485 1400 si
1502 1370 1603 1413 quas
1623 1359 1743 1417 super
1755 1361 1957 1421 quibusvis
1971 1364 2147 1418 negotiis
2162 1374 2378 1416 emergere
2393 1389 2410 1413 ,

1384 1417 1425 1457 δι
1447 1431 1662 1473 erumpere
1686 1418 1974 1475 perspexiffent
1999 1421 2286 1463 contentiones
2311 1445 2326 1468 ‚
2357 1419 2412 1461 ii-

1384 1484 1446 1517 tes
1458 1503 1472 1526 ‚
1500 1476 1540 1516 &
1559 1475 1887 1533 desceptationes
1903 1507 1918 1529 ‚
1943 1479 2073 1522 statim
2091 1479 2320 1535 Apostolica
2336 1492 2409 1521 nu-

1383 1534 1572 1578 &oritate
1587 1565 1602 1586 ,
1617 1538 1657 1578 &
1670 1536 1931 1592 providentia
1946 1536 2188 1579 dirimerent
2207 1564 2220 1588 ,
2238 1551 2408 1593 compo-

1381 1605 1641 1650 nerentque3
1665 1607 1717 1638 eo
1733 1595 1875 1652 majori
1890 1594 2018 1637 fludio
2031 1596 2072 1636 id
2087 1606 2256 1646 tenere,
2284 1609 2328 1638 ac
2344 1594 2407 1637 se*

1381 1652 1477 1694 stari
1489 1655 1575 1695 Nos
1604 1653 1777 1698 maxime
1799 1655 1841 1697 in
1868 1652 2112 1698 Sacrosane'ti
2142 1651 2404 1709 Apostolattis

1378 1710 1539 1766 specula
1566 1712 1804 1760 constitutos
1831 1712 1954 1755 decet
1973 1740 1987 1763 ‚
2014 1728 2095 1769 quo
2118 1726 2194 1767 per
2208 1725 2408 1761 omnem-2

1386 1770 1478 1812 vitae
1491 1770 1628 1813 nostrae
1640 1781 1798 1816 aetatem
1813 1772 1915 1814 nihil
1934 1773 2162 1815 curavimus
2177 1771 2405 1828 impensius,

1376 1830 1499 1885 quam
1514 1841 1585 1879 ,ut
1608 1829 1631 1872 ὲ
1652 1831 1791 1874 medio
1805 1831 1967 1874 sublatis
1983 1830 2293 1874 contentionum
2311 1857 2326 1880 ,
2354 1829 2405 1871 li-

1380 1890 1498 1939 tium,
1513 1890 1945 1946 desceptationumque
1958 1891 2186 1932 Forenfium
2205 1888 2370 1931 dissidiis
2381 1918 2399 1939 ,

1376 1961 1421 1989 ae
1438 1949 1551 1990 tricis
1577 1962 1650 2003 per
1666 1948 1788 1991 solam
1806 1977 1820 2000 ,
1846 1947 2121 2004 liquidamque
2136 1948 2321 1992 veritatis
2337 1947 2399 1989 in-

1374 2004 1621 2061 spectionem
1650 2005 1708 2057 jus
1738 2007 1850 2048 suum
1876 2006 2092 2062 unicuique
2116 2007 2394 2057 tribueretur,

1373 2061 1578 2119 acjustitia
1595 2093 1610 2115 ,
1633 2065 1673 2105 &
1698 2080 1773 2120 pax
1799 2065 1880 2107 sese
1896 2065 2070 2107 invicem
2085 2065 2394 2107 oscularentur.

1374 2123 1479 2164 Sane
1504 2137 1581 2177 pro
1606 2133 1721 2178 parte
1747 2124 1998 2166 Dilectorum
2025 2124 2222 2168 Filiorum
2237 2123 2395 2165 Consu-

1372 2180 1454 2222 lum
1468 2207 1482 2228 ,
1503 2183 1542 2221 &
1558 2181 1865 2234 Magistratuum
1881 2182 2199 2225 Univerfitatum
2213 2209 2227 2230 ,
2254 2184 2293 2222 δε
2308 2184 2394 2224 Ho—

1370 2241 1520 2280 minum
1547 2239 1728 2283 Vallium
1755 2241 1900 2284 Maleti
1919 2267 1934 2289 2
1964 2243 2004 2284 δι
2031 2241 2236 2289 Comini,
2268 2240 2393 2295 vulgo

1366 2298 1408 2338 di
1421 2299 1534 2341 Male
1546 2327 1560 2349 ‚
1584 2314 1603 2341 c
1622 2301 1790 2343 Condino
1805 2301 1844 2341 in
1860 2300 2046 2343 confiniis
2062 2305 2153 2344 Sac.
2170 2302 2289 2342 Rom·
2309 2302 2392 2341 lm·

1367 2357 1500 2411 perii,
1525 2359 1565 2400 δι
1589 2358 1792 2415 signanter
1809 2359 1919 2404 illius
1937 2361 1991 2405 de
2012 2355 2391 2412 Male,immediate

1366 2429 1442 2458 una
1465 2431 1558 2459 cum
1587 2420 1734 2461 Rhetis
1755 2419 2007 2462 Acatholicis
2022 2418 2360 2463 conterminarum
2374 2443 2390 2467 ‚

1363 2475 1473 2518 istius
1494 2477 1745 2522 Tridentinae
1761 2479 1957 2522 Dioecefis
1971 2507 1985 2530 ,
2021 2479 2150 2521 Nobis
2164 2476 2388 2532 expolitum

1365 2531 1441 2591 fuit
1455 2564 1469 2586 ‚
1495 2535 1602 2593 quod
1616 2563 1630 2585 a
1645 2551 1736 2580 cum
1753 2538 1793 2580 in
1810 2539 1890 2581 illis
1906 2537 2122 2594 peramplis
2136 2565 2149 2588 ‚
2173 2538 2214 2577 δι
2227 2534 2388 2591 populis

1365 2592 1642 2650 frequentibus
1661 2597 1847 2640 Vallibus
1865 2597 1999 2640 nullus
2017 2594 2187 2652 cujusvis
2202 2594 2387 2644 Ordinis,

1365 2652 1432 2695 vel
1457 2653 1633 2696 Instituti
1669 2656 1888 2711 Regularis
1912 2659 2153 2700 Conventus
2178 2653 2388 2709 reperire—

1363 2720 1461 2764 tur,
1487 2712 1580 2756 ideo
1607 2714 1756 2756 Dilecti
1784 2716 1902 2768 Filii,
1930 2718 2094 2758 Fratres
2112 2713 2276 2757 Ordinis
2306 2713 2386 2755 Mi-

1361 2784 1504 2814 norum
1519 2775 1558 2815 S.
1577 2773 1776 2819 Francis‘ci
1802 2774 1854 2819 de
1879 2773 2141 2821 Observantia
2165 2772 2385 2816 Reforma—>

1358 2841 1498 2874 torum
1527 2841 1852 2890 nuncupatorum
1870 2863 1884 2887 ‚
1912 2835 1979 2890 qui
2009 2834 2046 2876 in
2075 2833 2162 2876 aliis
2190 2829 2384 2896 diffimili·

1359 2891 1434 2933 bus
1453 2891 1637 2935 Vallibus
1652 2907 1774 2935 unum
1791 2909 1866 2950 per
1879 2893 2020 2937 decem
2034 2923 2050 2944 ,
2076 2894 2116 2933 &
2135 2893 2225 2935 oc'to
2237 2888 2384 2930 millia-

1296 2943 1302 2960 *
1358 2949 1513 2993 riorum
1542 2953 1565 2995 ὲ
1598 2952 1720 2994 Valle
1751 2953 1961 3001 Condinh
1991 2951 2251 3004 &reliquum
2267 2951 2382 2989 Con-

1359 3018 1506 3052 ventus
1521 3010 1543 3054 ὲ
1561 3009 1682 3053 Valle
1698 3012 1843 3054 Maleti
1860 3009 2086 3066 hujusmodi
2105 3021 2179 3059 per
2200 3006 2381 3049 decem-³

1358 3067 1527 3112 circiter
1554 3068 1837 3125 milliariorum
1867 3070 1992 3124 spatia
2019 3066 2171 3110 diffitos
2201 3066 2380 3115 habent,

1360 3126 1458 3169 alias
1473 3126 1494 3169 a
1511 3128 1572 3171 Te
1595 3141 1676 3170 non
1698 3127 1827 3171 solnm
1852 3127 2061 3170 licentiam
2089 3124 2283 3168 fundandi
2304 3123 2378 3166 itt,

1357 3184 1546 3229 Vallibus
1571 3186 1763 3241 praedietis
1777 3200 1922 3231 eorum
1945 3184 2165 3242 respediive
2184 3187 2380 3248 Conven-

1359 3255 1504 3287 ventus
1523 3273 1537 3296 ,
1559 3243 1703 3287 verum
1721 3244 1846 3290 etiam
1863 3245 2060 3302 Epistulas
2087 3242 2379 3287 commendati-

1293 3341 1297 3345 .
1357 3304 1433 3346 tias
1448 3303 1608 3347 illarum
1620 3304 1798 3347 Vallium
1817 3305 2060 3348 Hominibus
2075 3303 2269 3351 datas2>ut
2286 3298 2378 3343 fun·

1356 3362 1542 3406 dationes
1558 3362 1781 3419 hujusmodi
1797 3365 2089 3420 permitterent
2103 3391 2118 3414 ‚
2144 3360 2210 3404 fibi
2224 3370 2377 3425 conce—

1356 3420 1681 3475 dinobtinuerint,
1693 3422 1791 3467 licet
1804 3423 2054 3479 postmodum
2078 3421 2187 3463 suum
2204 3419 2254 3460 ab
2273 3419 2375 3460 Um-

1357 3479 1612 3523 verfitatibus
1627 3510 1641 3532 ,
1667 3483 1706 3523 &
1726 3482 1969 3525 Hominibus
1991 3479 2185 3537 praedictis
2202 3475 2376 3543 consen·

1357 3539 1440 3579 sum
1457 3553 1530 3594 pro
1547 3539 1662 3582 dietis
1677 3535 1978 3583 fundationibus
2007 3546 2223 3594 reportare
2250 3549 2374 3576 mml-

1359 3596 1423 3639 me
1460 3598 1668 3641 valuerint
1694 3626 1709 3648 9
1750 3609 1910 3642 attento
1933 3628 1951 3650 ,
1982 3596 2091 3652 quod
2125 3593 2373 3639 Univerfita-

1358 3665 1421 3698 tes
1437 3684 1451 3706 ‚
1475 3659 1513 3698 δι
1529 3658 1723 3699 Homines
1749 3656 1923 3712 praedicti
1949 3658 1987 3698 in
2016 3655 2184 3697 dilectos
2210 3666 2371 3708 quoque

1353 3714 1659 3767 Filios‚Fratres
1671 3716 1834 3758 Ordinis
1852 3716 2057 3759 Minorum
2072 3712 2252 3768 ejusdem
2273 3713 2372 3754 San-

1351 3773 1402 3815 eti
1419 3774 1615 3818 Francisti
1629 3775 1931 3831 Capucinorum
1949 3783 2298 3872 nuncupatorum?
2312 3771 2370 3813 in·

2245 3845 2264 3871 c
2287 3846 2314 3871 ι-
