<?xml version="1.0" encoding="UTF-8"?>
<!DOCTYPE html PUBLIC "-//W3C//DTD XHTML 1.0 Transitional//EN"
    "http://www.w3.org/TR/xhtml1/DTD/xhtml1-transitional.dtd">
<html xmlns="http://www.w3.org/1999/xhtml" xml:lang="en" lang="en">
 <head>
  <title>
</title>
<meta http-equiv="Content-Type" content="text/html;charset=utf-8" />
  <meta name='ocr-system' content='tesseract 3.04.00' />
  <meta name='ocr-capabilities' content='ocr_page ocr_carea ocr_par ocr_line ocrx_word'/>
</head>
<body>
  <div class='ocr_page' id='page_1' title='image "./bullariumordinis03cath_0054.png"; bbox 0 0 2716 4082; ppageno 0'>
   <div class='ocr_carea' id='block_1_1' title="bbox 379 266 1418 361">
    <p class='ocr_par' dir='ltr' id='par_1_1' title="bbox 379 266 1418 361">
     <span class='ocr_line' id='line_1_1' title="bbox 379 266 1418 361; baseline -0.008 0"><span class='ocrx_word' id='word_1_1' title='bbox 379 274 519 361; x_wconf 74' lang='lat' dir='ltr'>,xl</span> <span class='ocrx_word' id='word_1_2' title='bbox 899 266 1418 355; x_wconf 82' lang='lat' dir='ltr'>.EL.EN</span> 
     </span>
    </p>
   </div>
   <div class='ocr_carea' id='block_1_2' title="bbox 343 382 1416 3934">
    <p class='ocr_par' dir='ltr' id='par_1_2' title="bbox 377 382 1416 731">
     <span class='ocr_line' id='line_1_2' title="bbox 445 382 1416 452; baseline -0.006 -12"><span class='ocrx_word' id='word_1_3' title='bbox 445 388 655 440; x_wconf 87' lang='lat' dir='ltr'>Censum</span> <span class='ocrx_word' id='word_1_4' title='bbox 673 405 870 437; x_wconf 89' lang='lat' dir='ltr'>annuum</span> <span class='ocrx_word' id='word_1_5' title='bbox 889 383 936 434; x_wconf 67' lang='grc' dir='ltr'>ὅ(</span> <span class='ocrx_word' id='word_1_6' title='bbox 956 385 1264 436; x_wconf 87' lang='lat' dir='ltr'>redimibilem</span> <span class='ocrx_word' id='word_1_7' title='bbox 1283 382 1416 452; x_wconf 88' lang='lat' dir='ltr'>super</span> 
     </span>
     <span class='ocr_line' id='line_1_3' title="bbox 377 455 1414 512; baseline -0.004 -3"><span class='ocrx_word' id='word_1_8' title='bbox 377 458 877 512; x_wconf 87' lang='lat' dir='ltr'>bonisCommunitatis</span> <span class='ocrx_word' id='word_1_9' title='bbox 901 455 1194 506; x_wconf 86' lang='lat' dir='ltr'>Brundufinae</span> <span class='ocrx_word' id='word_1_10' title='bbox 1218 456 1414 506; x_wconf 90' lang='lat' dir='ltr'>Debitri-</span> 
     </span>
     <span class='ocr_line' id='line_1_4' title="bbox 379 526 1411 589; baseline 0.001 -12"><span class='ocrx_word' id='word_1_11' title='bbox 379 534 443 580; x_wconf 92' lang='lat' dir='ltr'>cis</span> <span class='ocrx_word' id='word_1_12' title='bbox 459 567 475 589; x_wconf 92' lang='lat'>,</span> <span class='ocrx_word' id='word_1_13' title='bbox 512 535 554 581; x_wconf 90' lang='lat' dir='ltr'>in</span> <span class='ocrx_word' id='word_1_14' title='bbox 573 528 784 579; x_wconf 90' lang='lat' dir='ltr'>favorem</span> <span class='ocrx_word' id='word_1_15' title='bbox 801 526 1069 576; x_wconf 85' lang='lat' dir='ltr'>Monasterii</span> <span class='ocrx_word' id='word_1_16' title='bbox 1090 529 1411 578; x_wconf 68' lang='lat' dir='ltr'>Monialiuim</span> 
     </span>
     <span class='ocr_line' id='line_1_5' title="bbox 379 598 1374 666; baseline -0.002 -17"><span class='ocrx_word' id='word_1_17' title='bbox 379 601 548 651; x_wconf 85' lang='lat' dir='ltr'>ibidem</span> <span class='ocrx_word' id='word_1_18' title='bbox 602 599 860 654; x_wconf 85' lang='lat' dir='ltr'>Creditoris</span> <span class='ocrx_word' id='word_1_19' title='bbox 903 599 1080 666; x_wconf 87' lang='lat' dir='ltr'>imponi</span> <span class='ocrx_word' id='word_1_20' title='bbox 1123 598 1334 648; x_wconf 89' lang='lat' dir='ltr'>concedit</span> <span class='ocrx_word' id='word_1_21' title='bbox 1360 633 1374 647; x_wconf 93' lang='lat'>.</span> 
     </span>
     <span class='ocr_line' id='line_1_6' title="bbox 377 671 1409 731; baseline -0.007 -9"><span class='ocrx_word' id='word_1_22' title='bbox 377 671 493 722; x_wconf 81' lang='lat' dir='ltr'>Idem</span> <span class='ocrx_word' id='word_1_23' title='bbox 511 711 523 723; x_wconf 94' lang='lat'>.</span> <span class='ocrx_word' id='word_1_24' title='bbox 562 691 648 720; x_wconf 85' lang='lat' dir='ltr'>cum</span> <span class='ocrx_word' id='word_1_25' title='bbox 664 683 776 717; x_wconf 84' lang='lat' dir='ltr'>nota.</span> <span class='ocrx_word' id='word_1_26' title='bbox 1316 686 1409 731; x_wconf 85' lang='lat'>130</span> 
     </span>
    </p>

    <p class='ocr_par' dir='ltr' id='par_1_3' title="bbox 374 738 1407 944">
     <span class='ocr_line' id='line_1_7' title="bbox 448 738 1407 797; baseline -0.004 -5"><span class='ocrx_word' id='word_1_27' title='bbox 448 749 523 792; x_wconf 90' lang='lat' dir='ltr'>Fr.</span> <span class='ocrx_word' id='word_1_28' title='bbox 560 747 934 797; x_wconf 82' lang='lat' dir='ltr'>Bonaventuram</span> <span class='ocrx_word' id='word_1_29' title='bbox 966 738 1022 789; x_wconf 89' lang='lat' dir='ltr'>ab</span> <span class='ocrx_word' id='word_1_30' title='bbox 1054 740 1267 790; x_wconf 86' lang='lat' dir='ltr'>Alexano</span> <span class='ocrx_word' id='word_1_31' title='bbox 1299 758 1407 789; x_wconf 89' lang='lat' dir='ltr'>cum</span> 
     </span>
     <span class='ocr_line' id='line_1_8' title="bbox 374 810 1406 881; baseline -0.001 -21"><span class='ocrx_word' id='word_1_32' title='bbox 374 810 507 862; x_wconf 90' lang='lat' dir='ltr'>sociis</span> <span class='ocrx_word' id='word_1_33' title='bbox 533 810 831 861; x_wconf 86' lang='lat' dir='ltr'>Miffionariis</span> <span class='ocrx_word' id='word_1_34' title='bbox 867 812 1046 861; x_wconf 87' lang='lat' dir='ltr'>Alvaro</span> <span class='ocrx_word' id='word_1_35' title='bbox 1089 811 1210 881; x_wconf 85' lang='lat' dir='ltr'>Regi</span> <span class='ocrx_word' id='word_1_36' title='bbox 1248 812 1406 879; x_wconf 86' lang='lat' dir='ltr'>Congi</span> 
     </span>
     <span class='ocr_line' id='line_1_9' title="bbox 375 880 1402 944; baseline 0.001 -14"><span class='ocrx_word' id='word_1_37' title='bbox 375 881 672 933; x_wconf 86' lang='lat' dir='ltr'>commendat</span> <span class='ocrx_word' id='word_1_38' title='bbox 691 917 703 931; x_wconf 89' lang='lat'>.</span> <span class='ocrx_word' id='word_1_39' title='bbox 744 880 875 931; x_wconf 86' lang='lat' dir='ltr'><strong><em>Idem.</em></strong></span> <span class='ocrx_word' id='word_1_40' title='bbox 905 901 994 931; x_wconf 86' lang='lat' dir='ltr'>cum</span> <span class='ocrx_word' id='word_1_41' title='bbox 1011 896 1124 930; x_wconf 86' lang='lat' dir='ltr'>nota.</span> <span class='ocrx_word' id='word_1_42' title='bbox 1310 900 1366 944; x_wconf 84' lang='lat'>13</span> <span class='ocrx_word' id='word_1_43' title='bbox 1383 901 1402 931; x_wconf 90' lang='lat'>1</span> 
     </span>
    </p>

    <p class='ocr_par' dir='ltr' id='par_1_4' title="bbox 371 950 1409 1228">
     <span class='ocr_line' id='line_1_10' title="bbox 442 950 1409 1022; baseline -0.003 -18"><span class='ocrx_word' id='word_1_44' title='bbox 442 953 701 1004; x_wconf 87' lang='lat' dir='ltr'>Refiduum</span> <span class='ocrx_word' id='word_1_45' title='bbox 736 955 898 1022; x_wconf 85' lang='lat' dir='ltr'>Legati</span> <span class='ocrx_word' id='word_1_46' title='bbox 931 955 999 1003; x_wconf 90' lang='lat' dir='ltr'>Pii</span> <span class='ocrx_word' id='word_1_47' title='bbox 1035 950 1216 1002; x_wconf 82' lang='lat' dir='ltr'>fabricae</span> <span class='ocrx_word' id='word_1_48' title='bbox 1250 952 1299 1005; x_wconf 70' lang='grc' dir='ltr'>ὅ(</span> <span class='ocrx_word' id='word_1_49' title='bbox 1332 957 1409 1006; x_wconf 81' lang='lat' dir='ltr'>sa-</span> 
     </span>
     <span class='ocr_line' id='line_1_11' title="bbox 373 1022 1409 1076; baseline -0.002 -1"><span class='ocrx_word' id='word_1_50' title='bbox 373 1024 530 1075; x_wconf 81' lang='lat' dir='ltr'>cristiae</span> <span class='ocrx_word' id='word_1_51' title='bbox 561 1022 739 1076; x_wconf 71' lang='lat' dir='ltr'>Domus</span> <span class='ocrx_word' id='word_1_52' title='bbox 775 1026 1035 1074; x_wconf 63' lang='lat' dir='ltr'>Tarentinae</span> <span class='ocrx_word' id='word_1_53' title='bbox 1068 1023 1215 1073; x_wconf 64' lang='lat' dir='ltr'>relisti</span> <span class='ocrx_word' id='word_1_54' title='bbox 1251 1026 1296 1073; x_wconf 90' lang='lat' dir='ltr'>in</span> <span class='ocrx_word' id='word_1_55' title='bbox 1335 1042 1409 1073; x_wconf 83' lang='lat' dir='ltr'>ne·</span> 
     </span>
     <span class='ocr_line' id='line_1_12' title="bbox 371 1093 1408 1165; baseline -0.002 -19"><span class='ocrx_word' id='word_1_56' title='bbox 371 1095 594 1146; x_wconf 83' lang='lat' dir='ltr'>ceffitates</span> <span class='ocrx_word' id='word_1_57' title='bbox 629 1096 884 1147; x_wconf 87' lang='lat' dir='ltr'>Provinciae</span> <span class='ocrx_word' id='word_1_58' title='bbox 932 1094 1116 1165; x_wconf 88' lang='lat' dir='ltr'>erogari</span> <span class='ocrx_word' id='word_1_59' title='bbox 1160 1093 1370 1165; x_wconf 86' lang='lat' dir='ltr'><strong>indulget</strong></span> <span class='ocrx_word' id='word_1_60' title='bbox 1396 1131 1408 1144; x_wconf 96' lang='lat'>.</span> 
     </span>
     <span class='ocr_line' id='line_1_13' title="bbox 371 1166 1406 1228; baseline -0.003 -10"><span class='ocrx_word' id='word_1_61' title='bbox 371 1166 514 1218; x_wconf 83' lang='lat' dir='ltr'>Idem.</span> <span class='ocrx_word' id='word_1_62' title='bbox 1315 1184 1406 1228; x_wconf 87' lang='lat'>132</span> 
     </span>
    </p>

    <p class='ocr_par' dir='ltr' id='par_1_5' title="bbox 372 1237 1411 1500">
     <span class='ocr_line' id='line_1_14' title="bbox 442 1237 1410 1306; baseline -0.002 -18"><span class='ocrx_word' id='word_1_63' title='bbox 442 1238 756 1306; x_wconf 86' lang='lat' dir='ltr'>Manuscripta</span> <span class='ocrx_word' id='word_1_64' title='bbox 785 1243 861 1288; x_wconf 89' lang='lat' dir='ltr'>Fr.</span> <span class='ocrx_word' id='word_1_65' title='bbox 883 1237 1115 1288; x_wconf 87' lang='lat' dir='ltr'>Laurentii</span> <span class='ocrx_word' id='word_1_66' title='bbox 1143 1237 1169 1285; x_wconf 75' lang='lat' dir='ltr'>a</span> <span class='ocrx_word' id='word_1_67' title='bbox 1195 1240 1410 1296; x_wconf 81' lang='lat' dir='ltr'>Mateta,</span> 
     </span>
     <span class='ocr_line' id='line_1_15' title="bbox 372 1307 1408 1376; baseline -0.002 -16"><span class='ocrx_word' id='word_1_68' title='bbox 372 1328 428 1360; x_wconf 90' lang='lat' dir='ltr'>ex</span> <span class='ocrx_word' id='word_1_69' title='bbox 461 1311 591 1376; x_wconf 87' lang='lat' dir='ltr'>hujus</span> <span class='ocrx_word' id='word_1_70' title='bbox 623 1311 734 1360; x_wconf 88' lang='lat' dir='ltr'>Loci</span> <span class='ocrx_word' id='word_1_71' title='bbox 766 1310 1048 1359; x_wconf 88' lang='lat' dir='ltr'>Bibliotheca</span> <span class='ocrx_word' id='word_1_72' title='bbox 1078 1309 1289 1367; x_wconf 88' lang='lat' dir='ltr'>extrahi,</span> <span class='ocrx_word' id='word_1_73' title='bbox 1327 1307 1408 1358; x_wconf 91' lang='lat' dir='ltr'>sub</span> 
     </span>
     <span class='ocr_line' id='line_1_16' title="bbox 372 1377 1408 1449; baseline -0.003 -18"><span class='ocrx_word' id='word_1_74' title='bbox 372 1379 559 1431; x_wconf 83' lang='lat' dir='ltr'>censura</span> <span class='ocrx_word' id='word_1_75' title='bbox 589 1379 636 1432; x_wconf 72' lang='grc' dir='ltr'>ὅ(</span> <span class='ocrx_word' id='word_1_76' title='bbox 667 1397 804 1449; x_wconf 86' lang='lat' dir='ltr'>poena</span> <span class='ocrx_word' id='word_1_77' title='bbox 830 1379 1070 1449; x_wconf 88' lang='lat' dir='ltr'>prohibet.</span> <span class='ocrx_word' id='word_1_78' title='bbox 1108 1377 1318 1430; x_wconf 77' lang='lat' dir='ltr'>Innocent.</span> <span class='ocrx_word' id='word_1_79' title='bbox 1337 1379 1408 1431; x_wconf 88' lang='lat' dir='ltr'>X.</span> 
     </span>
     <span class='ocr_line' id='line_1_17' title="bbox 372 1451 1411 1500; baseline -0.001 0"><span class='ocrx_word' id='word_1_80' title='bbox 372 1470 461 1500; x_wconf 86' lang='lat' dir='ltr'>cum</span> <span class='ocrx_word' id='word_1_81' title='bbox 492 1467 589 1499; x_wconf 80' lang='lat' dir='ltr'>nota</span> <span class='ocrx_word' id='word_1_82' title='bbox 609 1488 621 1500; x_wconf 94' lang='lat'>.</span> <span class='ocrx_word' id='word_1_83' title='bbox 837 1452 840 1455; x_wconf 75' lang='grc'><strong>’</strong></span> <span class='ocrx_word' id='word_1_84' title='bbox 1346 1451 1411 1500; x_wconf 82' lang='lat' dir='ltr'>ibi</span> 
     </span>
    </p>

    <p class='ocr_par' dir='ltr' id='par_1_6' title="bbox 369 1517 1411 1936">
     <span class='ocr_line' id='line_1_18' title="bbox 441 1517 1410 1572; baseline -0.003 -1"><span class='ocrx_word' id='word_1_85' title='bbox 441 1527 513 1572; x_wconf 86' lang='lat' dir='ltr'>De</span> <span class='ocrx_word' id='word_1_86' title='bbox 545 1521 692 1571; x_wconf 85' lang='lat' dir='ltr'>Libris</span> <span class='ocrx_word' id='word_1_87' title='bbox 720 1520 850 1568; x_wconf 88' lang='lat' dir='ltr'>mille</span> <span class='ocrx_word' id='word_1_88' title='bbox 884 1518 932 1571; x_wconf 87' lang='lat'>&amp;</span> <span class='ocrx_word' id='word_1_89' title='bbox 965 1517 1181 1569; x_wconf 84' lang='lat' dir='ltr'>sexcentis</span> <span class='ocrx_word' id='word_1_90' title='bbox 1210 1520 1235 1566; x_wconf 78' lang='grc' dir='ltr'>ὲ</span> <span class='ocrx_word' id='word_1_91' title='bbox 1270 1519 1410 1568; x_wconf 86' lang='lat' dir='ltr'>Fede-</span> 
     </span>
     <span class='ocr_line' id='line_1_19' title="bbox 371 1588 1409 1658; baseline -0.004 -15"><span class='ocrx_word' id='word_1_92' title='bbox 371 1596 470 1644; x_wconf 84' lang='lat' dir='ltr'>rico</span> <span class='ocrx_word' id='word_1_93' title='bbox 495 1593 823 1642; x_wconf 86' lang='lat' dir='ltr'>Termularum</span> <span class='ocrx_word' id='word_1_94' title='bbox 851 1588 1079 1658; x_wconf 88' lang='lat' dir='ltr'>Episcopo</span> <span class='ocrx_word' id='word_1_95' title='bbox 1116 1589 1409 1640; x_wconf 76' lang='lat' dir='ltr'>Bibliothecae</span> 
     </span>
     <span class='ocr_line' id='line_1_20' title="bbox 371 1662 1411 1730; baseline -0.007 -14"><span class='ocrx_word' id='word_1_96' title='bbox 371 1663 551 1716; x_wconf 79' lang='lat' dir='ltr'>Domfis</span> <span class='ocrx_word' id='word_1_97' title='bbox 577 1667 626 1713; x_wconf 83' lang='lat' dir='ltr'>S.</span> <span class='ocrx_word' id='word_1_98' title='bbox 652 1663 771 1712; x_wconf 91' lang='lat' dir='ltr'>Petri</span> <span class='ocrx_word' id='word_1_99' title='bbox 803 1663 846 1709; x_wconf 90' lang='lat' dir='ltr'>in</span> <span class='ocrx_word' id='word_1_100' title='bbox 863 1662 1079 1711; x_wconf 87' lang='lat' dir='ltr'>Galatina</span> <span class='ocrx_word' id='word_1_101' title='bbox 1108 1662 1411 1730; x_wconf 86' lang='lat' dir='ltr'>legatis‚inu-</span> 
     </span>
     <span class='ocr_line' id='line_1_21' title="bbox 371 1730 1409 1798; baseline -0.005 -13"><span class='ocrx_word' id='word_1_102' title='bbox 371 1738 471 1786; x_wconf 89' lang='lat' dir='ltr'>tiles</span> <span class='ocrx_word' id='word_1_103' title='bbox 507 1733 645 1783; x_wconf 89' lang='lat' dir='ltr'>vendi</span> <span class='ocrx_word' id='word_1_104' title='bbox 690 1731 900 1798; x_wconf 88' lang='lat' dir='ltr'>Syndico</span> <span class='ocrx_word' id='word_1_105' title='bbox 932 1733 1222 1788; x_wconf 84' lang='lat' dir='ltr'>committit,</span> <span class='ocrx_word' id='word_1_106' title='bbox 1256 1730 1409 1781; x_wconf 86' lang='lat' dir='ltr'>condi-</span> 
     </span>
     <span class='ocr_line' id='line_1_22' title="bbox 370 1799 1410 1857; baseline -0.005 -1"><span class='ocrx_word' id='word_1_107' title='bbox 370 1809 493 1857; x_wconf 88' lang='lat' dir='ltr'>tione</span> <span class='ocrx_word' id='word_1_108' title='bbox 525 1805 781 1854; x_wconf 89' lang='lat' dir='ltr'>donationis</span> <span class='ocrx_word' id='word_1_109' title='bbox 807 1821 897 1855; x_wconf 91' lang='lat' dir='ltr'>non</span> <span class='ocrx_word' id='word_1_110' title='bbox 924 1800 1124 1852; x_wconf 85' lang='lat' dir='ltr'>obstante</span> <span class='ocrx_word' id='word_1_111' title='bbox 1144 1838 1156 1854; x_wconf 89' lang='lat'>.</span> <span class='ocrx_word' id='word_1_112' title='bbox 1185 1799 1300 1852; x_wconf 89' lang='lat' dir='ltr'>Idem</span> <span class='ocrx_word' id='word_1_113' title='bbox 1322 1821 1410 1851; x_wconf 89' lang='lat' dir='ltr'>cum</span> 
     </span>
     <span class='ocr_line' id='line_1_23' title="bbox 369 1892 1404 1936; baseline -0.004 -9"><span class='ocrx_word' id='word_1_114' title='bbox 369 1893 500 1928; x_wconf 85' lang='lat' dir='ltr'>nota.</span> <span class='ocrx_word' id='word_1_115' title='bbox 1313 1892 1404 1936; x_wconf 83' lang='lat'>133</span> 
     </span>
    </p>

    <p class='ocr_par' dir='ltr' id='par_1_7' title="bbox 371 1942 1411 2228">
     <span class='ocr_line' id='line_1_24' title="bbox 443 1942 1411 2011; baseline -0.004 -13"><span class='ocrx_word' id='word_1_116' title='bbox 443 1955 488 1998; x_wconf 86' lang='grc' dir='ltr'>Λ</span> <span class='ocrx_word' id='word_1_117' title='bbox 513 1946 795 1996; x_wconf 88' lang='lat' dir='ltr'>Mon&#39;ialibus</span> <span class='ocrx_word' id='word_1_118' title='bbox 815 1945 1038 1996; x_wconf 88' lang='lat' dir='ltr'>Civitatis</span> <span class='ocrx_word' id='word_1_119' title='bbox 1060 1942 1309 1996; x_wconf 85' lang='lat' dir='ltr'>Castroniti</span> <span class='ocrx_word' id='word_1_120' title='bbox 1332 1943 1411 2011; x_wconf 82' lang='lat' dir='ltr'>seu</span> 
     </span>
     <span class='ocr_line' id='line_1_25' title="bbox 372 2018 1408 2085; baseline -0.002 -18"><span class='ocrx_word' id='word_1_121' title='bbox 372 2018 667 2067; x_wconf 58' lang='lat' dir='ltr'>Castellanetae</span> <span class='ocrx_word' id='word_1_122' title='bbox 706 2031 882 2084; x_wconf 86' lang='lat' dir='ltr'>partem</span> <span class='ocrx_word' id='word_1_123' title='bbox 923 2018 1079 2085; x_wconf 84' lang='lat' dir='ltr'>primae</span> <span class='ocrx_word' id='word_1_124' title='bbox 1114 2033 1272 2067; x_wconf 89' lang='lat' dir='ltr'>earum</span> <span class='ocrx_word' id='word_1_125' title='bbox 1311 2020 1408 2067; x_wconf 93' lang='lat' dir='ltr'>Do-</span> 
     </span>
     <span class='ocr_line' id='line_1_26' title="bbox 371 2085 1408 2155; baseline -0.002 -15"><span class='ocrx_word' id='word_1_126' title='bbox 371 2088 476 2140; x_wconf 71' lang='lat' dir='ltr'>mfis</span> <span class='ocrx_word' id='word_1_127' title='bbox 509 2089 686 2147; x_wconf 88' lang='lat' dir='ltr'>vendi,</span> <span class='ocrx_word' id='word_1_128' title='bbox 717 2086 766 2139; x_wconf 81' lang='lat'>&amp;</span> <span class='ocrx_word' id='word_1_129' title='bbox 798 2090 997 2155; x_wconf 87' lang='lat' dir='ltr'>pretium</span> <span class='ocrx_word' id='word_1_130' title='bbox 1029 2090 1076 2136; x_wconf 92' lang='lat' dir='ltr'>in</span> <span class='ocrx_word' id='word_1_131' title='bbox 1109 2105 1238 2137; x_wconf 87' lang='lat' dir='ltr'>novae</span> <span class='ocrx_word' id='word_1_132' title='bbox 1269 2085 1408 2139; x_wconf 81' lang='lat' dir='ltr'>fabri-</span> 
     </span>
     <span class='ocr_line' id='line_1_27' title="bbox 371 2156 1405 2228; baseline -0.002 -17"><span class='ocrx_word' id='word_1_133' title='bbox 371 2180 435 2211; x_wconf 89' lang='lat' dir='ltr'>cae</span> <span class='ocrx_word' id='word_1_134' title='bbox 465 2157 597 2210; x_wconf 88' lang='lat' dir='ltr'>usum</span> <span class='ocrx_word' id='word_1_135' title='bbox 626 2161 837 2208; x_wconf 89' lang='lat' dir='ltr'>converti</span> <span class='ocrx_word' id='word_1_136' title='bbox 867 2159 1077 2228; x_wconf 82' lang='lat' dir='ltr'>indulget</span> <span class='ocrx_word' id='word_1_137' title='bbox 1098 2195 1110 2208; x_wconf 97' lang='lat'>.</span> <span class='ocrx_word' id='word_1_138' title='bbox 1148 2156 1277 2209; x_wconf 83' lang='lat' dir='ltr'>Idem.</span> <span class='ocrx_word' id='word_1_139' title='bbox 1309 2175 1405 2223; x_wconf 85' lang='lat'>134</span> 
     </span>
    </p>

    <p class='ocr_par' dir='ltr' id='par_1_8' title="bbox 343 2229 1407 2778">
     <span class='ocr_line' id='line_1_28' title="bbox 442 2229 1406 2282; baseline -0.002 0"><span class='ocrx_word' id='word_1_140' title='bbox 442 2230 633 2282; x_wconf 86' lang='lat' dir='ltr'>Duabus</span> <span class='ocrx_word' id='word_1_141' title='bbox 662 2229 884 2280; x_wconf 85' lang='lat' dir='ltr'>duntaxat</span> <span class='ocrx_word' id='word_1_142' title='bbox 911 2230 1196 2279; x_wconf 86' lang='lat' dir='ltr'>Monialibus</span> <span class='ocrx_word' id='word_1_143' title='bbox 1221 2230 1280 2281; x_wconf 93' lang='lat' dir='ltr'>ob</span> <span class='ocrx_word' id='word_1_144' title='bbox 1305 2245 1406 2280; x_wconf 87' lang='lat' dir='ltr'>aeta-</span> 
     </span>
     <span class='ocr_line' id='line_1_29' title="bbox 343 2298 1407 2365; baseline -0.002 -11"><span class='ocrx_word' id='word_1_145' title='bbox 343 2317 465 2354; x_wconf 65' lang='lat' dir='ltr'>⁴tem</span> <span class='ocrx_word' id='word_1_146' title='bbox 507 2320 592 2365; x_wconf 88' lang='lat'>40.</span> <span class='ocrx_word' id='word_1_147' title='bbox 631 2319 854 2351; x_wconf 89' lang='lat' dir='ltr'>annorum</span> <span class='ocrx_word' id='word_1_148' title='bbox 894 2301 950 2350; x_wconf 91' lang='lat' dir='ltr'>ad</span> <span class='ocrx_word' id='word_1_149' title='bbox 987 2298 1216 2351; x_wconf 86' lang='lat' dir='ltr'>Officium</span> <span class='ocrx_word' id='word_1_150' title='bbox 1252 2301 1407 2352; x_wconf 90' lang='lat' dir='ltr'>Abba-</span> 
     </span>
     <span class='ocr_line' id='line_1_30' title="bbox 371 2371 1407 2442; baseline -0.001 -18"><span class='ocrx_word' id='word_1_151' title='bbox 371 2372 478 2424; x_wconf 83' lang='lat' dir='ltr'>tissae</span> <span class='ocrx_word' id='word_1_152' title='bbox 509 2376 552 2421; x_wconf 91' lang='lat' dir='ltr'>in</span> <span class='ocrx_word' id='word_1_153' title='bbox 583 2371 799 2442; x_wconf 65' lang='lat' dir='ltr'>praediesto</span> <span class='ocrx_word' id='word_1_154' title='bbox 826 2371 1107 2421; x_wconf 87' lang='lat' dir='ltr'>Monasterio</span> <span class='ocrx_word' id='word_1_155' title='bbox 1136 2390 1407 2424; x_wconf 88' lang='lat' dir='ltr'>concurrere</span> 
     </span>
     <span class='ocr_line' id='line_1_31' title="bbox 376 2443 1405 2502; baseline 0.002 -8"><span class='ocrx_word' id='word_1_156' title='bbox 376 2444 635 2494; x_wconf 88' lang='lat' dir='ltr'>valentibus</span> <span class='ocrx_word' id='word_1_157' title='bbox 650 2480 665 2502; x_wconf 89' lang='lat'><strong>,</strong></span> <span class='ocrx_word' id='word_1_158' title='bbox 697 2443 744 2495; x_wconf 69' lang='grc' dir='ltr'>ὃς</span> <span class='ocrx_word' id='word_1_159' title='bbox 771 2444 895 2493; x_wconf 68' lang='lat' dir='ltr'>nulla</span> <span class='ocrx_word' id='word_1_160' title='bbox 914 2446 1106 2494; x_wconf 88' lang='lat' dir='ltr'>aliarum</span> <span class='ocrx_word' id='word_1_161' title='bbox 1126 2444 1405 2496; x_wconf 90' lang='lat' dir='ltr'>Monialium</span> 
     </span>
     <span class='ocr_line' id='line_1_32' title="bbox 370 2509 1405 2566; baseline 0 -1"><span class='ocrx_word' id='word_1_162' title='bbox 370 2514 491 2565; x_wconf 89' lang='lat' dir='ltr'>hisce</span> <span class='ocrx_word' id='word_1_163' title='bbox 525 2515 701 2564; x_wconf 86' lang='lat' dir='ltr'>duabus</span> <span class='ocrx_word' id='word_1_164' title='bbox 742 2529 904 2565; x_wconf 91' lang='lat' dir='ltr'>votum</span> <span class='ocrx_word' id='word_1_165' title='bbox 941 2509 1076 2564; x_wconf 88' lang='lat' dir='ltr'>suum</span> <span class='ocrx_word' id='word_1_166' title='bbox 1110 2514 1217 2564; x_wconf 86' lang='lat' dir='ltr'>dare</span> <span class='ocrx_word' id='word_1_167' title='bbox 1252 2518 1405 2566; x_wconf 86' lang='lat' dir='ltr'>volen-</span> 
     </span>
     <span class='ocr_line' id='line_1_33' title="bbox 372 2586 1405 2648; baseline 0 -11"><span class='ocrx_word' id='word_1_168' title='bbox 372 2601 416 2637; x_wconf 92' lang='lat' dir='ltr'>te</span> <span class='ocrx_word' id='word_1_169' title='bbox 439 2622 454 2645; x_wconf 90' lang='lat'><strong>,</strong></span> <span class='ocrx_word' id='word_1_170' title='bbox 491 2588 719 2638; x_wconf 87' lang='lat' dir='ltr'>Moniales</span> <span class='ocrx_word' id='word_1_171' title='bbox 751 2604 831 2648; x_wconf 87' lang='lat'>35.</span> <span class='ocrx_word' id='word_1_172' title='bbox 858 2603 1084 2635; x_wconf 90' lang='lat' dir='ltr'>annorum</span> <span class='ocrx_word' id='word_1_173' title='bbox 1116 2588 1162 2634; x_wconf 88' lang='lat' dir='ltr'>in</span> <span class='ocrx_word' id='word_1_174' title='bbox 1193 2586 1405 2637; x_wconf 90' lang='lat' dir='ltr'>Abbatis-</span> 
     </span>
     <span class='ocr_line' id='line_1_34' title="bbox 370 2654 1404 2726; baseline 0.001 -19"><span class='ocrx_word' id='word_1_175' title='bbox 370 2657 438 2707; x_wconf 87' lang='lat' dir='ltr'>sas</span> <span class='ocrx_word' id='word_1_176' title='bbox 470 2660 577 2726; x_wconf 86' lang='lat' dir='ltr'>eligi</span> <span class='ocrx_word' id='word_1_177' title='bbox 611 2654 730 2725; x_wconf 80' lang='lat' dir='ltr'>posse</span> <span class='ocrx_word' id='word_1_178' title='bbox 761 2691 778 2715; x_wconf 89' lang='lat'><em>,</em></span> <span class='ocrx_word' id='word_1_179' title='bbox 835 2654 894 2704; x_wconf 87' lang='lat' dir='ltr'>ad</span> <span class='ocrx_word' id='word_1_180' title='bbox 932 2654 1197 2706; x_wconf 80' lang='lat' dir='ltr'>sexennium</span> <span class='ocrx_word' id='word_1_181' title='bbox 1229 2657 1404 2726; x_wconf 88' lang='lat' dir='ltr'>dispen-</span> 
     </span>
     <span class='ocr_line' id='line_1_35' title="bbox 368 2726 1402 2778; baseline 0.001 -1"><span class='ocrx_word' id='word_1_182' title='bbox 368 2726 466 2777; x_wconf 90' lang='lat' dir='ltr'>sat.</span> <span class='ocrx_word' id='word_1_183' title='bbox 506 2726 619 2777; x_wconf 85' lang='lat' dir='ltr'>Idem</span> <span class='ocrx_word' id='word_1_184' title='bbox 638 2763 651 2776; x_wconf 90' lang='lat'>.</span> <span class='ocrx_word' id='word_1_185' title='bbox 1339 2729 1402 2778; x_wconf 80' lang='lat' dir='ltr'>ibi</span> 
     </span>
    </p>

    <p class='ocr_par' dir='ltr' id='par_1_9' title="bbox 368 2800 1406 3434">
     <span class='ocr_line' id='line_1_36' title="bbox 444 2800 1402 2869; baseline 0.003 -22"><span class='ocrx_word' id='word_1_186' title='bbox 444 2803 645 2848; x_wconf 88' lang='lat' dir='ltr'>Decreto</span> <span class='ocrx_word' id='word_1_187' title='bbox 679 2801 825 2848; x_wconf 85' lang='lat' dir='ltr'>Sacrae</span> <span class='ocrx_word' id='word_1_188' title='bbox 855 2801 1140 2869; x_wconf 86' lang='lat' dir='ltr'>Congregat.</span> <span class='ocrx_word' id='word_1_189' title='bbox 1169 2800 1371 2850; x_wconf 91' lang='lat' dir='ltr'>Rituum</span> <span class='ocrx_word' id='word_1_190' title='bbox 1390 2837 1402 2850; x_wconf 97' lang='lat'>.</span> 
     </span>
     <span class='ocr_line' id='line_1_37' title="bbox 371 2867 1405 2921; baseline 0.001 -2"><span class='ocrx_word' id='word_1_191' title='bbox 371 2872 430 2920; x_wconf 87' lang='lat' dir='ltr'>In</span> <span class='ocrx_word' id='word_1_192' title='bbox 461 2867 614 2919; x_wconf 90' lang='lat' dir='ltr'>Causa</span> <span class='ocrx_word' id='word_1_193' title='bbox 648 2869 944 2919; x_wconf 85' lang='lat' dir='ltr'>Proceffionis</span> <span class='ocrx_word' id='word_1_194' title='bbox 979 2873 1026 2919; x_wconf 89' lang='grc'>8.</span> <span class='ocrx_word' id='word_1_195' title='bbox 1057 2872 1252 2920; x_wconf 88' lang='lat' dir='ltr'>Antonii</span> <span class='ocrx_word' id='word_1_196' title='bbox 1286 2873 1405 2921; x_wconf 88' lang='lat' dir='ltr'>inter</span> 
     </span>
     <span class='ocr_line' id='line_1_38' title="bbox 371 2938 1405 2994; baseline 0.002 -4"><span class='ocrx_word' id='word_1_197' title='bbox 371 2943 460 2990; x_wconf 90' lang='lat' dir='ltr'>PP.</span> <span class='ocrx_word' id='word_1_198' title='bbox 495 2938 787 2990; x_wconf 86' lang='lat' dir='ltr'>Reformatos</span> <span class='ocrx_word' id='word_1_199' title='bbox 816 2939 864 2991; x_wconf 72' lang='grc' dir='ltr'>ὅ(</span> <span class='ocrx_word' id='word_1_200' title='bbox 895 2944 1077 2990; x_wconf 84' lang='lat' dir='ltr'>Fratres</span> <span class='ocrx_word' id='word_1_201' title='bbox 1116 2941 1292 2991; x_wconf 89' lang='lat' dir='ltr'>nostros</span> <span class='ocrx_word' id='word_1_202' title='bbox 1326 2943 1405 2994; x_wconf 83' lang='lat' dir='ltr'>Ci-</span> 
     </span>
     <span class='ocr_line' id='line_1_39' title="bbox 368 3010 1404 3081; baseline 0.002 -20"><span class='ocrx_word' id='word_1_203' title='bbox 368 3012 528 3061; x_wconf 88' lang='lat' dir='ltr'>vitatis</span> <span class='ocrx_word' id='word_1_204' title='bbox 566 3010 813 3061; x_wconf 86' lang='lat' dir='ltr'>Castroniti</span> <span class='ocrx_word' id='word_1_205' title='bbox 850 3026 1089 3072; x_wconf 87' lang='lat' dir='ltr'>vertente,</span> <span class='ocrx_word' id='word_1_206' title='bbox 1125 3031 1203 3081; x_wconf 91' lang='lat' dir='ltr'>per</span> <span class='ocrx_word' id='word_1_207' title='bbox 1236 3015 1404 3063; x_wconf 89' lang='lat' dir='ltr'>alteros</span> 
     </span>
     <span class='ocr_line' id='line_1_40' title="bbox 370 3080 1404 3143; baseline 0.005 -11"><span class='ocrx_word' id='word_1_208' title='bbox 370 3100 471 3132; x_wconf 90' lang='lat' dir='ltr'>eam</span> <span class='ocrx_word' id='word_1_209' title='bbox 502 3084 548 3131; x_wconf 91' lang='lat' dir='ltr'>in</span> <span class='ocrx_word' id='word_1_210' title='bbox 583 3082 655 3131; x_wconf 89' lang='lat' dir='ltr'>die</span> <span class='ocrx_word' id='word_1_211' title='bbox 696 3080 969 3132; x_wconf 87' lang='lat' dir='ltr'>Festivitatis</span> <span class='ocrx_word' id='word_1_212' title='bbox 1005 3086 1055 3133; x_wconf 98' lang='grc'>8.</span> <span class='ocrx_word' id='word_1_213' title='bbox 1085 3086 1283 3134; x_wconf 86' lang='lat' dir='ltr'>Antonii</span> <span class='ocrx_word' id='word_1_214' title='bbox 1308 3120 1323 3143; x_wconf 95' lang='lat'><strong>,</strong></span> <span class='ocrx_word' id='word_1_215' title='bbox 1354 3083 1404 3137; x_wconf 71' lang='grc' dir='ltr'>ὃς</span> 
     </span>
     <span class='ocr_line' id='line_1_41' title="bbox 369 3150 1406 3222; baseline 0.001 -19"><span class='ocrx_word' id='word_1_216' title='bbox 369 3171 450 3222; x_wconf 89' lang='lat' dir='ltr'>per</span> <span class='ocrx_word' id='word_1_217' title='bbox 478 3156 642 3203; x_wconf 86' lang='lat' dir='ltr'>alteros</span> <span class='ocrx_word' id='word_1_218' title='bbox 670 3153 916 3203; x_wconf 69' lang='lat' dir='ltr'>Dominica&#39;l</span> <span class='ocrx_word' id='word_1_219' title='bbox 943 3150 1060 3202; x_wconf 88' lang='lat' dir='ltr'>infra</span> <span class='ocrx_word' id='word_1_220' title='bbox 1086 3154 1303 3206; x_wconf 61' lang='lat' dir='ltr'>oftavam</span> <span class='ocrx_word' id='word_1_221' title='bbox 1329 3154 1406 3205; x_wconf 81' lang='lat' dir='ltr'>fie-</span> 
     </span>
     <span class='ocr_line' id='line_1_42' title="bbox 371 3222 1405 3292; baseline 0.005 -21"><span class='ocrx_word' id='word_1_222' title='bbox 371 3227 440 3282; x_wconf 89' lang='lat' dir='ltr'>ri,</span> <span class='ocrx_word' id='word_1_223' title='bbox 471 3223 518 3276; x_wconf 75' lang='grc' dir='ltr'>ὅ(</span> <span class='ocrx_word' id='word_1_224' title='bbox 546 3226 720 3291; x_wconf 85' lang='lat' dir='ltr'>primos</span> <span class='ocrx_word' id='word_1_225' title='bbox 751 3227 795 3274; x_wconf 87' lang='lat' dir='ltr'>in</span> <span class='ocrx_word' id='word_1_226' title='bbox 823 3222 1084 3292; x_wconf 84' lang='lat' dir='ltr'>poffeffione</span> <span class='ocrx_word' id='word_1_227' title='bbox 1113 3223 1308 3276; x_wconf 88' lang='lat' dir='ltr'>faciendi</span> <span class='ocrx_word' id='word_1_228' title='bbox 1337 3227 1405 3276; x_wconf 90' lang='lat' dir='ltr'>di-</span> 
     </span>
     <span class='ocr_line' id='line_1_43' title="bbox 371 3294 1406 3348; baseline 0.006 -6"><span class='ocrx_word' id='word_1_229' title='bbox 371 3294 492 3343; x_wconf 63' lang='lat' dir='ltr'>{tam</span> <span class='ocrx_word' id='word_1_230' title='bbox 530 3295 863 3346; x_wconf 85' lang='lat' dir='ltr'>Proceffionem</span> <span class='ocrx_word' id='word_1_231' title='bbox 894 3298 1182 3348; x_wconf 87' lang='lat' dir='ltr'>manuteneri</span> <span class='ocrx_word' id='word_1_232' title='bbox 1219 3298 1406 3348; x_wconf 90' lang='lat' dir='ltr'>manda-</span> 
     </span>
     <span class='ocr_line' id='line_1_44' title="bbox 369 3377 1404 3434; baseline 0.009 -22"><span class='ocrx_word' id='word_1_233' title='bbox 369 3377 445 3413; x_wconf 89' lang='lat' dir='ltr'>tur</span> <span class='ocrx_word' id='word_1_234' title='bbox 463 3401 475 3413; x_wconf 93' lang='lat'>.</span> <span class='ocrx_word' id='word_1_235' title='bbox 512 3384 600 3413; x_wconf 86' lang='lat' dir='ltr'>cum</span> <span class='ocrx_word' id='word_1_236' title='bbox 617 3383 738 3416; x_wconf 81' lang='lat' dir='ltr'>nota.</span> <span class='ocrx_word' id='word_1_237' title='bbox 1310 3388 1404 3434; x_wconf 85' lang='lat'>135</span> 
     </span>
    </p>

    <p class='ocr_par' dir='ltr' id='par_1_10' title="bbox 373 3437 1406 3718">
     <span class='ocr_line' id='line_1_45' title="bbox 444 3437 1406 3510; baseline 0.014 -28"><span class='ocrx_word' id='word_1_238' title='bbox 444 3439 648 3487; x_wconf 89' lang='lat' dir='ltr'>Decreto</span> <span class='ocrx_word' id='word_1_239' title='bbox 687 3441 789 3487; x_wconf 87' lang='lat' dir='ltr'>Sac.</span> <span class='ocrx_word' id='word_1_240' title='bbox 833 3442 1119 3510; x_wconf 85' lang='lat' dir='ltr'>Congregat.</span> <span class='ocrx_word' id='word_1_241' title='bbox 1164 3437 1314 3507; x_wconf 89' lang='lat' dir='ltr'>Episc.</span> <span class='ocrx_word' id='word_1_242' title='bbox 1356 3441 1406 3495; x_wconf 69' lang='lat' dir='ltr'>&lt;Sc</span> 
     </span>
     <span class='ocr_line' id='line_1_46' title="bbox 375 3507 1404 3578; baseline 0.009 -25"><span class='ocrx_word' id='word_1_243' title='bbox 375 3507 545 3573; x_wconf 87' lang='lat' dir='ltr'>Regul.</span> <span class='ocrx_word' id='word_1_244' title='bbox 586 3511 807 3575; x_wconf 90' lang='lat' dir='ltr'>Receptio</span> <span class='ocrx_word' id='word_1_245' title='bbox 837 3509 1014 3560; x_wconf 76' lang='lat' dir='ltr'>Domfis</span> <span class='ocrx_word' id='word_1_246' title='bbox 1046 3528 1132 3578; x_wconf 91' lang='lat' dir='ltr'>pro</span> <span class='ocrx_word' id='word_1_247' title='bbox 1159 3510 1241 3561; x_wconf 91' lang='lat' dir='ltr'>usu</span> <span class='ocrx_word' id='word_1_248' title='bbox 1272 3511 1404 3562; x_wconf 66' lang='lat' dir='ltr'>Inlirn</span> 
     </span>
     <span class='ocr_line' id='line_1_47' title="bbox 373 3577 1404 3651; baseline 0.012 -29"><span class='ocrx_word' id='word_1_249' title='bbox 373 3578 527 3625; x_wconf 86' lang='lat' dir='ltr'>mariae</span> <span class='ocrx_word' id='word_1_250' title='bbox 557 3577 602 3625; x_wconf 88' lang='lat' dir='ltr'>in</span> <span class='ocrx_word' id='word_1_251' title='bbox 633 3579 837 3628; x_wconf 89' lang='lat' dir='ltr'>Civitate</span> <span class='ocrx_word' id='word_1_252' title='bbox 862 3583 1194 3651; x_wconf 88' lang='lat' dir='ltr'>Gallipolitana</span> <span class='ocrx_word' id='word_1_253' title='bbox 1211 3618 1227 3642; x_wconf 89' lang='lat'>‚</span> <span class='ocrx_word' id='word_1_254' title='bbox 1266 3584 1404 3634; x_wconf 89' lang='lat' dir='ltr'>Ordi—</span> 
     </span>
     <span class='ocr_line' id='line_1_48' title="bbox 374 3646 1402 3718; baseline 0.011 -24"><span class='ocrx_word' id='word_1_255' title='bbox 374 3646 504 3695; x_wconf 87' lang='lat' dir='ltr'>nario</span> <span class='ocrx_word' id='word_1_256' title='bbox 536 3647 646 3696; x_wconf 87' lang='lat' dir='ltr'>inibi</span> <span class='ocrx_word' id='word_1_257' title='bbox 675 3651 983 3700; x_wconf 85' lang='lat' dir='ltr'>committitur</span> <span class='ocrx_word' id='word_1_258' title='bbox 1005 3689 1017 3701; x_wconf 95' lang='lat'>.</span> <span class='ocrx_word' id='word_1_259' title='bbox 1309 3675 1402 3718; x_wconf 86' lang='lat'>137</span> 
     </span>
    </p>

    <p class='ocr_par' dir='ltr' id='par_1_11' title="bbox 376 3719 1407 3934">
     <span class='ocr_line' id='line_1_49' title="bbox 447 3719 1403 3793; baseline 0.012 -28"><span class='ocrx_word' id='word_1_260' title='bbox 447 3719 646 3765; x_wconf 89' lang='lat' dir='ltr'>Decreto</span> <span class='ocrx_word' id='word_1_261' title='bbox 678 3722 826 3769; x_wconf 90' lang='lat' dir='ltr'>Sacrae</span> <span class='ocrx_word' id='word_1_262' title='bbox 854 3723 1139 3793; x_wconf 88' lang='lat' dir='ltr'>Congregat.</span> <span class='ocrx_word' id='word_1_263' title='bbox 1171 3727 1371 3775; x_wconf 89' lang='lat' dir='ltr'>Concilii</span> <span class='ocrx_word' id='word_1_264' title='bbox 1392 3764 1403 3776; x_wconf 92' lang='lat'>.</span> 
     </span>
     <span class='ocr_line' id='line_1_50' title="bbox 377 3786 1407 3860; baseline 0.012 -24"><span class='ocrx_word' id='word_1_265' title='bbox 377 3790 424 3836; x_wconf 88' lang='lat' dir='ltr'>A</span> <span class='ocrx_word' id='word_1_266' title='bbox 461 3786 744 3838; x_wconf 88' lang='lat' dir='ltr'>Monialibus</span> <span class='ocrx_word' id='word_1_267' title='bbox 779 3791 996 3840; x_wconf 86' lang='lat' dir='ltr'>Civitatis</span> <span class='ocrx_word' id='word_1_268' title='bbox 1033 3796 1167 3860; x_wconf 89' lang='lat' dir='ltr'>Lycii</span> <span class='ocrx_word' id='word_1_269' title='bbox 1200 3800 1407 3847; x_wconf 90' lang='lat' dir='ltr'>Domum</span> 
     </span>
     <span class='ocr_line' id='line_1_51' title="bbox 376 3855 1403 3934; baseline 0.014 -28"><span class='ocrx_word' id='word_1_270' title='bbox 376 3855 600 3908; x_wconf 86' lang='lat' dir='ltr'>vetustate</span> <span class='ocrx_word' id='word_1_271' title='bbox 619 3855 902 3911; x_wconf 87' lang='lat' dir='ltr'>fatiscentem</span> <span class='ocrx_word' id='word_1_272' title='bbox 930 3863 1066 3915; x_wconf 90' lang='lat' dir='ltr'>vendi</span> <span class='ocrx_word' id='word_1_273' title='bbox 1085 3900 1101 3924; x_wconf 93' lang='lat'>,</span> <span class='ocrx_word' id='word_1_274' title='bbox 1127 3864 1176 3919; x_wconf 75' lang='grc' dir='ltr'>δε</span> <span class='ocrx_word' id='word_1_275' title='bbox 1199 3868 1403 3934; x_wconf 88' lang='lat' dir='ltr'>pretium</span> 
     </span>
    </p>
   </div>
   <div class='ocr_carea' id='block_1_3' title="bbox 1468 266 2512 1233">
    <p class='ocr_par' dir='ltr' id='par_1_12' title="bbox 1468 266 2512 1233">
     <span class='ocr_line' id='line_1_52' title="bbox 1468 266 1996 358; baseline -0.006 -3"><span class='ocrx_word' id='word_1_276' title='bbox 1468 266 1541 355; x_wconf 91' lang='lat' dir='ltr'><em>C</em></span> <span class='ocrx_word' id='word_1_277' title='bbox 1591 270 1688 358; x_wconf 91' lang='lat' dir='ltr'><em>H</em></span> <span class='ocrx_word' id='word_1_278' title='bbox 1742 270 1817 358; x_wconf 74' lang='lat' dir='ltr'><em>U</em></span> <span class='ocrx_word' id='word_1_279' title='bbox 1885 267 1948 355; x_wconf 84' lang='lat' dir='ltr'><em>S</em></span> <span class='ocrx_word' id='word_1_280' title='bbox 1974 275 1996 352; x_wconf 90' lang='lat'>.&#39;</span> 
     </span>
     <span class='ocr_line' id='line_1_53' title="bbox 1475 383 2512 453; baseline -0.002 -17"><span class='ocrx_word' id='word_1_281' title='bbox 1475 389 1522 436; x_wconf 79' lang='lat' dir='ltr'>in</span> <span class='ocrx_word' id='word_1_282' title='bbox 1555 389 1740 437; x_wconf 87' lang='lat' dir='ltr'>alterius</span> <span class='ocrx_word' id='word_1_283' title='bbox 1774 388 1936 436; x_wconf 89' lang='lat' dir='ltr'>vicinae</span> <span class='ocrx_word' id='word_1_284' title='bbox 1958 383 2159 435; x_wconf 66' lang='lat' dir='ltr'>Domus</span> <span class='ocrx_word' id='word_1_285' title='bbox 2188 385 2512 453; x_wconf 64' lang='lat' dir='ltr'>emptionem</span> 
     </span>
     <span class='ocr_line' id='line_1_54' title="bbox 1476 456 2510 527; baseline -0.004 -20"><span class='ocrx_word' id='word_1_286' title='bbox 1476 461 1694 527; x_wconf 85' lang='lat' dir='ltr'>erogari,</span> <span class='ocrx_word' id='word_1_287' title='bbox 1734 476 1785 507; x_wconf 90' lang='lat' dir='ltr'>ac</span> <span class='ocrx_word' id='word_1_288' title='bbox 1819 475 1957 506; x_wconf 85' lang='lat' dir='ltr'>onera</span> <span class='ocrx_word' id='word_1_289' title='bbox 1987 456 2173 506; x_wconf 86' lang='lat' dir='ltr'>Domui</span> <span class='ocrx_word' id='word_1_290' title='bbox 2197 458 2398 506; x_wconf 78' lang='lat' dir='ltr'>alienatae</span> <span class='ocrx_word' id='word_1_291' title='bbox 2433 473 2510 504; x_wconf 88' lang='lat' dir='ltr'>an-</span> 
     </span>
     <span class='ocr_line' id='line_1_55' title="bbox 1474 523 2511 595; baseline -0.003 -18"><span class='ocrx_word' id='word_1_292' title='bbox 1474 545 1589 577; x_wconf 88' lang='lat' dir='ltr'>nexa</span> <span class='ocrx_word' id='word_1_293' title='bbox 1631 532 1688 578; x_wconf 88' lang='lat' dir='ltr'>ad</span> <span class='ocrx_word' id='word_1_294' title='bbox 1732 532 1939 577; x_wconf 91' lang='lat' dir='ltr'>Domum</span> <span class='ocrx_word' id='word_1_295' title='bbox 1988 542 2190 595; x_wconf 86' lang='lat' dir='ltr'>emptam</span> <span class='ocrx_word' id='word_1_296' title='bbox 2235 523 2511 585; x_wconf 87' lang='lat' dir='ltr'>transferri,</span> 
     </span>
     <span class='ocr_line' id='line_1_56' title="bbox 1473 596 2512 649; baseline -0.003 -1"><span class='ocrx_word' id='word_1_297' title='bbox 1473 600 1666 648; x_wconf 87' lang='lat' dir='ltr'>Vicario</span> <span class='ocrx_word' id='word_1_298' title='bbox 1682 600 1898 649; x_wconf 87' lang='lat' dir='ltr'>Generali</span> <span class='ocrx_word' id='word_1_299' title='bbox 1930 598 2040 647; x_wconf 86' lang='lat' dir='ltr'>inibi</span> <span class='ocrx_word' id='word_1_300' title='bbox 2070 598 2410 648; x_wconf 67' lang='lat' dir='ltr'>committitur-</span> <span class='ocrx_word' id='word_1_301' title='bbox 2446 596 2512 646; x_wconf 85' lang='lat' dir='ltr'>ibi</span> 
     </span>
     <span class='ocr_line' id='line_1_57' title="bbox 1545 665 2510 739; baseline 0.002 -22"><span class='ocrx_word' id='word_1_302' title='bbox 1545 673 1744 718; x_wconf 90' lang='lat' dir='ltr'>Decreto</span> <span class='ocrx_word' id='word_1_303' title='bbox 1780 674 1927 720; x_wconf 87' lang='lat' dir='ltr'>Sacrae</span> <span class='ocrx_word' id='word_1_304' title='bbox 1957 672 2245 739; x_wconf 87' lang='lat' dir='ltr'>Congregat.</span> <span class='ocrx_word' id='word_1_305' title='bbox 2273 665 2422 737; x_wconf 90' lang='lat' dir='ltr'>Episc.</span> <span class='ocrx_word' id='word_1_306' title='bbox 2459 665 2510 719; x_wconf 85' lang='lat'>&amp;</span> 
     </span>
     <span class='ocr_line' id='line_1_58' title="bbox 1472 738 2502 809; baseline -0.001 -21"><span class='ocrx_word' id='word_1_307' title='bbox 1472 741 1644 809; x_wconf 85' lang='lat' dir='ltr'>Regul.</span> <span class='ocrx_word' id='word_1_308' title='bbox 1693 738 2106 797; x_wconf 79' lang='lat' dir='ltr'>Conservatorium</span> <span class='ocrx_word' id='word_1_309' title='bbox 2153 741 2502 807; x_wconf 87' lang='lat' dir='ltr'>Capucinarum</span> 
     </span>
     <span class='ocr_line' id='line_1_59' title="bbox 1468 807 2509 879; baseline -0.001 -20"><span class='ocrx_word' id='word_1_310' title='bbox 1468 813 1661 860; x_wconf 85' lang='lat' dir='ltr'>Materae</span> <span class='ocrx_word' id='word_1_311' title='bbox 1694 812 1738 859; x_wconf 90' lang='lat' dir='ltr'>in</span> <span class='ocrx_word' id='word_1_312' title='bbox 1772 810 2107 861; x_wconf 90' lang='lat' dir='ltr'>Monasterium</span> <span class='ocrx_word' id='word_1_313' title='bbox 2137 811 2256 879; x_wconf 88' lang='lat' dir='ltr'>erigi</span> <span class='ocrx_word' id='word_1_314' title='bbox 2291 807 2383 860; x_wconf 72' lang='grc' dir='ltr'>ἃς.</span> <span class='ocrx_word' id='word_1_315' title='bbox 2407 812 2509 859; x_wconf 85' lang='lat' dir='ltr'>.Ar·</span> 
     </span>
     <span class='ocr_line' id='line_1_60' title="bbox 1469 879 2501 949; baseline -0.002 -18"><span class='ocrx_word' id='word_1_316' title='bbox 1469 879 1757 949; x_wconf 88' lang='lat' dir='ltr'>chiepiscopo</span> <span class='ocrx_word' id='word_1_317' title='bbox 1790 883 1901 932; x_wconf 90' lang='lat' dir='ltr'>Loci</span> <span class='ocrx_word' id='word_1_318' title='bbox 1934 882 2277 932; x_wconf 88' lang='lat' dir='ltr'>committitur.</span> <span class='ocrx_word' id='word_1_319' title='bbox 2405 881 2501 941; x_wconf 78' lang='lat'>138</span> 
     </span>
     <span class='ocr_line' id='line_1_61' title="bbox 1540 950 2507 1022; baseline -0.003 -20"><span class='ocrx_word' id='word_1_320' title='bbox 1540 956 1744 1002; x_wconf 90' lang='lat' dir='ltr'>Decreto</span> <span class='ocrx_word' id='word_1_321' title='bbox 1776 956 1823 1003; x_wconf 89' lang='lat' dir='ltr'>S.</span> <span class='ocrx_word' id='word_1_322' title='bbox 1857 957 2096 1022; x_wconf 88' lang='lat' dir='ltr'>Congreg.</span> <span class='ocrx_word' id='word_1_323' title='bbox 2130 950 2361 1002; x_wconf 89' lang='lat' dir='ltr'>Concilii.</span> <span class='ocrx_word' id='word_1_324' title='bbox 2401 951 2507 1001; x_wconf 89' lang='lat' dir='ltr'>Cle·</span> 
     </span>
     <span class='ocr_line' id='line_1_62' title="bbox 1470 1020 2507 1091; baseline -0.003 -19"><span class='ocrx_word' id='word_1_325' title='bbox 1470 1023 1620 1073; x_wconf 91' lang='lat' dir='ltr'>ricum</span> <span class='ocrx_word' id='word_1_326' title='bbox 1654 1025 1720 1072; x_wconf 90' lang='lat' dir='ltr'>N.</span> <span class='ocrx_word' id='word_1_327' title='bbox 1761 1022 1817 1072; x_wconf 88' lang='lat' dir='ltr'>ab</span> <span class='ocrx_word' id='word_1_328' title='bbox 1860 1023 2086 1091; x_wconf 86' lang='lat' dir='ltr'>Episcopo</span> <span class='ocrx_word' id='word_1_329' title='bbox 2115 1039 2199 1088; x_wconf 89' lang='lat' dir='ltr'>pro</span> <span class='ocrx_word' id='word_1_330' title='bbox 2237 1020 2507 1088; x_wconf 87' lang='lat' dir='ltr'>recipiendis</span> 
     </span>
     <span class='ocr_line' id='line_1_63' title="bbox 1470 1091 2506 1163; baseline -0.003 -20"><span class='ocrx_word' id='word_1_331' title='bbox 1470 1095 1620 1163; x_wconf 87' lang='lat' dir='ltr'>prima</span> <span class='ocrx_word' id='word_1_332' title='bbox 1655 1091 1867 1144; x_wconf 87' lang='lat' dir='ltr'>Tonsura</span> <span class='ocrx_word' id='word_1_333' title='bbox 1887 1128 1903 1152; x_wconf 92' lang='lat'><strong>,</strong></span> <span class='ocrx_word' id='word_1_334' title='bbox 1944 1091 1994 1144; x_wconf 71' lang='lat' dir='ltr'>&lt;Sc</span> <span class='ocrx_word' id='word_1_335' title='bbox 2024 1091 2204 1143; x_wconf 90' lang='lat' dir='ltr'>duobus</span> <span class='ocrx_word' id='word_1_336' title='bbox 2243 1091 2506 1143; x_wconf 88' lang='lat' dir='ltr'>Ordinibus</span> 
     </span>
     <span class='ocr_line' id='line_1_64' title="bbox 1472 1161 2507 1233; baseline -0.002 -19"><span class='ocrx_word' id='word_1_337' title='bbox 1472 1163 1736 1215; x_wconf 87' lang='lat' dir='ltr'>Minoribus</span> <span class='ocrx_word' id='word_1_338' title='bbox 1783 1163 2013 1233; x_wconf 82' lang='lat' dir='ltr'>prioribus</span> <span class='ocrx_word' id='word_1_339' title='bbox 2060 1163 2292 1218; x_wconf 81' lang='lat' dir='ltr'>duntaxat</span> <span class='ocrx_word' id='word_1_340' title='bbox 2340 1161 2507 1212; x_wconf 84' lang='lat' dir='ltr'>admis-</span> 
     </span>
    </p>
   </div>
   <div class='ocr_carea' id='block_1_4' title="bbox 1472 1230 2535 1302">
    <p class='ocr_par' dir='ltr' id='par_1_13' title="bbox 1472 1230 2535 1302">
     <span class='ocr_line' id='line_1_65' title="bbox 1472 1230 2535 1302; baseline -0.004 -16"><span class='ocrx_word' id='word_1_341' title='bbox 1472 1234 1572 1286; x_wconf 90' lang='lat' dir='ltr'>sum</span> <span class='ocrx_word' id='word_1_342' title='bbox 1599 1272 1615 1295; x_wconf 92' lang='lat'><strong>,</strong></span> <span class='ocrx_word' id='word_1_343' title='bbox 1655 1234 1703 1286; x_wconf 73' lang='grc' dir='ltr'>ὅ(</span> <span class='ocrx_word' id='word_1_344' title='bbox 1736 1238 1782 1285; x_wconf 87' lang='lat' dir='ltr'>in</span> <span class='ocrx_word' id='word_1_345' title='bbox 1810 1235 1916 1285; x_wconf 69' lang='lat' dir='ltr'>astu</span> <span class='ocrx_word' id='word_1_346' title='bbox 1949 1234 2273 1284; x_wconf 88' lang='lat' dir='ltr'>Ordinationis</span> <span class='ocrx_word' id='word_1_347' title='bbox 2309 1230 2366 1281; x_wconf 93' lang='lat' dir='ltr'>ad</span> <span class='ocrx_word' id='word_1_348' title='bbox 2395 1234 2535 1302; x_wconf 56' lang='lat' dir='ltr'>alios⁸</span> 
     </span>
    </p>
   </div>
   <div class='ocr_carea' id='block_1_5' title="bbox 1469 1302 2510 1933">
    <p class='ocr_par' dir='ltr' id='par_1_14' title="bbox 1471 1302 2510 1500">
     <span class='ocr_line' id='line_1_66' title="bbox 1471 1302 2510 1375; baseline -0.007 -17"><span class='ocrx_word' id='word_1_349' title='bbox 1471 1325 1651 1375; x_wconf 90' lang='lat' dir='ltr'>quoque</span> <span class='ocrx_word' id='word_1_350' title='bbox 1675 1306 1790 1357; x_wconf 92' lang='lat' dir='ltr'>duos</span> <span class='ocrx_word' id='word_1_351' title='bbox 1813 1305 2082 1375; x_wconf 90' lang='lat' dir='ltr'>posteriores</span> <span class='ocrx_word' id='word_1_352' title='bbox 2111 1302 2154 1353; x_wconf 90' lang='lat' dir='ltr'>se</span> <span class='ocrx_word' id='word_1_353' title='bbox 2190 1316 2412 1352; x_wconf 84' lang='lat' dir='ltr'>vocatum</span> <span class='ocrx_word' id='word_1_354' title='bbox 2443 1304 2510 1352; x_wconf 86' lang='lat' dir='ltr'>al-</span> 
     </span>
     <span class='ocr_line' id='line_1_67' title="bbox 1472 1372 2508 1449; baseline -0.004 -21"><span class='ocrx_word' id='word_1_355' title='bbox 1472 1380 1742 1449; x_wconf 86' lang='lat' dir='ltr'>legantem,</span> <span class='ocrx_word' id='word_1_356' title='bbox 1783 1373 1865 1427; x_wconf 92' lang='lat' dir='ltr'>sub</span> <span class='ocrx_word' id='word_1_357' title='bbox 1905 1376 2170 1428; x_wconf 88' lang='lat' dir='ltr'>conditione</span> <span class='ocrx_word' id='word_1_358' title='bbox 2207 1372 2508 1427; x_wconf 82' lang='lat' dir='ltr'>re-ordinari</span> 
     </span>
     <span class='ocr_line' id='line_1_68' title="bbox 1471 1443 2508 1500; baseline -0.006 -1"><span class='ocrx_word' id='word_1_359' title='bbox 1471 1446 1671 1500; x_wconf 89' lang='lat' dir='ltr'>sancitur</span> <span class='ocrx_word' id='word_1_360' title='bbox 1692 1488 1703 1500; x_wconf 90' lang='lat'>.</span> <span class='ocrx_word' id='word_1_361' title='bbox 1740 1467 1829 1498; x_wconf 88' lang='lat' dir='ltr'>cum</span> <span class='ocrx_word' id='word_1_362' title='bbox 1852 1463 1949 1498; x_wconf 84' lang='lat' dir='ltr'>nota</span> <span class='ocrx_word' id='word_1_363' title='bbox 1968 1484 1980 1497; x_wconf 91' lang='lat'>.</span> <span class='ocrx_word' id='word_1_364' title='bbox 2442 1443 2508 1493; x_wconf 79' lang='lat' dir='ltr'>ibi</span> 
     </span>
    </p>

    <p class='ocr_par' dir='ltr' id='par_1_15' title="bbox 1469 1515 2510 1933">
     <span class='ocr_line' id='line_1_69' title="bbox 1512 1515 2509 1587; baseline -0.005 -17"><span class='ocrx_word' id='word_1_365' title='bbox 1512 1548 1513 1551; x_wconf 61' lang='lat'><em>=</em></span> <span class='ocrx_word' id='word_1_366' title='bbox 1543 1524 1745 1571; x_wconf 88' lang='lat' dir='ltr'>Decreto</span> <span class='ocrx_word' id='word_1_367' title='bbox 1778 1524 1879 1571; x_wconf 90' lang='lat' dir='ltr'>Sac.</span> <span class='ocrx_word' id='word_1_368' title='bbox 1901 1523 2139 1587; x_wconf 87' lang='lat' dir='ltr'>Congreg.</span> <span class='ocrx_word' id='word_1_369' title='bbox 2163 1515 2369 1567; x_wconf 83' lang='lat' dir='ltr'>Concilii</span> <span class='ocrx_word' id='word_1_370' title='bbox 2388 1551 2400 1564; x_wconf 95' lang='lat'>.</span> <span class='ocrx_word' id='word_1_371' title='bbox 2431 1518 2509 1565; x_wconf 88' lang='lat' dir='ltr'>In·</span> 
     </span>
     <span class='ocr_line' id='line_1_70' title="bbox 1472 1583 2505 1657; baseline -0.003 -19"><span class='ocrx_word' id='word_1_372' title='bbox 1472 1584 1654 1640; x_wconf 85' lang='lat' dir='ltr'>torticia</span> <span class='ocrx_word' id='word_1_373' title='bbox 1687 1591 1779 1643; x_wconf 75' lang='grc' dir='ltr'>ὅιε.</span> <span class='ocrx_word' id='word_1_374' title='bbox 1812 1588 1995 1639; x_wconf 88' lang='lat' dir='ltr'>accensa</span> <span class='ocrx_word' id='word_1_375' title='bbox 2036 1607 2115 1657; x_wconf 85' lang='lat' dir='ltr'>per</span> <span class='ocrx_word' id='word_1_376' title='bbox 2147 1588 2275 1637; x_wconf 87' lang='lat' dir='ltr'>viam</span> <span class='ocrx_word' id='word_1_377' title='bbox 2306 1583 2505 1636; x_wconf 84' lang='lat' dir='ltr'>occasio·</span> 
     </span>
     <span class='ocr_line' id='line_1_71' title="bbox 1472 1656 2508 1727; baseline -0.003 -18"><span class='ocrx_word' id='word_1_378' title='bbox 1472 1677 1559 1719; x_wconf 88' lang='lat' dir='ltr'>ne,</span> <span class='ocrx_word' id='word_1_379' title='bbox 1595 1678 1684 1727; x_wconf 90' lang='lat' dir='ltr'>qua</span> <span class='ocrx_word' id='word_1_380' title='bbox 1724 1661 1782 1710; x_wconf 92' lang='lat' dir='ltr'>ad</span> <span class='ocrx_word' id='word_1_381' title='bbox 1825 1658 2076 1711; x_wconf 86' lang='lat' dir='ltr'>Ecclesiam</span> <span class='ocrx_word' id='word_1_382' title='bbox 2115 1656 2318 1707; x_wconf 88' lang='lat' dir='ltr'>nostram</span> <span class='ocrx_word' id='word_1_383' title='bbox 2355 1656 2508 1708; x_wconf 89' lang='lat' dir='ltr'>Cada-</span> 
     </span>
     <span class='ocr_line' id='line_1_72' title="bbox 1469 1727 2508 1787; baseline -0.001 -8"><span class='ocrx_word' id='word_1_384' title='bbox 1469 1746 1553 1779; x_wconf 90' lang='lat' dir='ltr'>ver</span> <span class='ocrx_word' id='word_1_385' title='bbox 1581 1732 1686 1778; x_wconf 85' lang='lat' dir='ltr'>Filii</span> <span class='ocrx_word' id='word_1_386' title='bbox 1713 1732 1859 1782; x_wconf 91' lang='lat' dir='ltr'>Ducis</span> <span class='ocrx_word' id='word_1_387' title='bbox 1893 1732 2006 1781; x_wconf 91' lang='lat' dir='ltr'>Cilii</span> <span class='ocrx_word' id='word_1_388' title='bbox 2031 1727 2321 1780; x_wconf 79' lang='lat' dir='ltr'>deferebatur</span> <span class='ocrx_word' id='word_1_389' title='bbox 2338 1763 2354 1787; x_wconf 89' lang='lat'>,</span> <span class='ocrx_word' id='word_1_390' title='bbox 2383 1727 2508 1778; x_wconf 87' lang='lat' dir='ltr'>dem·</span> 
     </span>
     <span class='ocr_line' id='line_1_73' title="bbox 1469 1798 2510 1870; baseline -0.002 -20"><span class='ocrx_word' id='word_1_391' title='bbox 1469 1799 1550 1868; x_wconf 69' lang='lat' dir='ltr'>ptri</span> <span class='ocrx_word' id='word_1_392' title='bbox 1580 1801 1761 1868; x_wconf 79' lang='lat' dir='ltr'>Qarta</span> <span class='ocrx_word' id='word_1_393' title='bbox 1791 1802 1850 1852; x_wconf 90' lang='lat' dir='ltr'>ad</span> <span class='ocrx_word' id='word_1_394' title='bbox 1883 1804 2063 1856; x_wconf 85' lang='lat' dir='ltr'>Fratres</span> <span class='ocrx_word' id='word_1_395' title='bbox 2097 1802 2326 1870; x_wconf 88' lang='lat' dir='ltr'>pertinere</span> <span class='ocrx_word' id='word_1_396' title='bbox 2357 1798 2510 1849; x_wconf 89' lang='lat' dir='ltr'>decla-</span> 
     </span>
     <span class='ocr_line' id='line_1_74' title="bbox 1469 1886 2499 1933; baseline -0.002 -12"><span class='ocrx_word' id='word_1_397' title='bbox 1469 1886 1620 1923; x_wconf 86' lang='lat' dir='ltr'>ratur.</span> <span class='ocrx_word' id='word_1_398' title='bbox 2408 1887 2499 1933; x_wconf 88' lang='lat'>141</span> 
     </span>
    </p>
   </div>
   <div class='ocr_carea' id='block_1_6' title="bbox 1482 2013 2489 2067">
    <p class='ocr_par' dir='ltr' id='par_1_16' title="bbox 1482 2013 2489 2067">
     <span class='ocr_line' id='line_1_75' title="bbox 1482 2013 2489 2067; baseline -0.003 -2"><span class='ocrx_word' id='word_1_399' title='bbox 1482 2015 1880 2067; x_wconf 89' lang='lat' dir='ltr'>PROVINCIA</span> <span class='ocrx_word' id='word_1_400' title='bbox 1919 2013 2456 2065; x_wconf 87' lang='lat' dir='ltr'>PANORMITANA</span> <span class='ocrx_word' id='word_1_401' title='bbox 2475 2048 2489 2062; x_wconf 94' lang='lat'>.</span> 
     </span>
    </p>
   </div>
   <div class='ocr_carea' id='block_1_7' title="bbox 1458 2155 2505 3936">
    <p class='ocr_par' dir='ltr' id='par_1_17' title="bbox 1466 2155 2505 2431">
     <span class='ocr_line' id='line_1_76' title="bbox 1536 2155 2505 2213; baseline -0.006 -4"><span class='ocrx_word' id='word_1_402' title='bbox 1536 2155 1778 2209; x_wconf 83' lang='lat' dir='ltr'>Pontificio</span> <span class='ocrx_word' id='word_1_403' title='bbox 1814 2159 1932 2209; x_wconf 87' lang='lat' dir='ltr'>vivae</span> <span class='ocrx_word' id='word_1_404' title='bbox 1958 2158 2085 2207; x_wconf 90' lang='lat' dir='ltr'>vocis</span> <span class='ocrx_word' id='word_1_405' title='bbox 2119 2157 2331 2205; x_wconf 89' lang='lat' dir='ltr'>Oraculo</span> <span class='ocrx_word' id='word_1_406' title='bbox 2355 2191 2372 2213; x_wconf 89' lang='lat'><strong>,</strong></span> <span class='ocrx_word' id='word_1_407' title='bbox 2410 2158 2505 2203; x_wconf 92' lang='lat' dir='ltr'>Do-</span> 
     </span>
     <span class='ocr_line' id='line_1_77' title="bbox 1466 2224 2501 2298; baseline -0.005 -20"><span class='ocrx_word' id='word_1_408' title='bbox 1466 2246 1568 2278; x_wconf 89' lang='lat' dir='ltr'>mos</span> <span class='ocrx_word' id='word_1_409' title='bbox 1592 2230 1847 2279; x_wconf 83' lang='lat' dir='ltr'>Provinciae</span> <span class='ocrx_word' id='word_1_410' title='bbox 1870 2224 2129 2298; x_wconf 58' lang='lat' dir='ltr'>segregari.</span> <span class='ocrx_word' id='word_1_411' title='bbox 2157 2226 2207 2278; x_wconf 73' lang='grc' dir='ltr'>δι’</span> <span class='ocrx_word' id='word_1_412' title='bbox 2234 2242 2324 2276; x_wconf 88' lang='lat' dir='ltr'>tres</span> <span class='ocrx_word' id='word_1_413' title='bbox 2350 2225 2501 2275; x_wconf 86' lang='lat' dir='ltr'>distin·-</span> 
     </span>
     <span class='ocr_line' id='line_1_78' title="bbox 1467 2296 2503 2351; baseline -0.005 -1"><span class='ocrx_word' id='word_1_414' title='bbox 1467 2301 1560 2350; x_wconf 68' lang='lat' dir='ltr'>&amp;as</span> <span class='ocrx_word' id='word_1_415' title='bbox 1595 2302 1859 2351; x_wconf 89' lang='lat' dir='ltr'>Provincias</span> <span class='ocrx_word' id='word_1_416' title='bbox 1894 2319 1949 2351; x_wconf 85' lang='lat' dir='ltr'>ex</span> <span class='ocrx_word' id='word_1_417' title='bbox 1982 2302 2035 2349; x_wconf 86' lang='lat' dir='ltr'>iis</span> <span class='ocrx_word' id='word_1_418' title='bbox 2066 2296 2258 2348; x_wconf 90' lang='lat' dir='ltr'>formari</span> <span class='ocrx_word' id='word_1_419' title='bbox 2288 2296 2503 2346; x_wconf 89' lang='lat' dir='ltr'>concedi·</span> 
     </span>
     <span class='ocr_line' id='line_1_79' title="bbox 1467 2384 2501 2431; baseline -0.003 -9"><span class='ocrx_word' id='word_1_420' title='bbox 1467 2387 1544 2424; x_wconf 87' lang='lat' dir='ltr'>tur</span> <span class='ocrx_word' id='word_1_421' title='bbox 1563 2407 1576 2421; x_wconf 93' lang='lat'>.</span> <span class='ocrx_word' id='word_1_422' title='bbox 2406 2384 2501 2431; x_wconf 82' lang='lat'>144</span> 
     </span>
    </p>

    <p class='ocr_par' dir='ltr' id='par_1_18' title="bbox 1464 2438 2502 2725">
     <span class='ocr_line' id='line_1_80' title="bbox 1537 2438 2502 2494; baseline -0.006 0"><span class='ocrx_word' id='word_1_423' title='bbox 1537 2444 1702 2494; x_wconf 88' lang='lat' dir='ltr'>Altare</span> <span class='ocrx_word' id='word_1_424' title='bbox 1730 2446 1813 2494; x_wconf 87' lang='lat' dir='ltr'>SS.</span> <span class='ocrx_word' id='word_1_425' title='bbox 1847 2441 2075 2494; x_wconf 81' lang='lat' dir='ltr'>Crucifixi</span> <span class='ocrx_word' id='word_1_426' title='bbox 2099 2442 2145 2490; x_wconf 91' lang='lat' dir='ltr'>in</span> <span class='ocrx_word' id='word_1_427' title='bbox 2178 2438 2378 2491; x_wconf 85' lang='lat' dir='ltr'>Ecclefia</span> <span class='ocrx_word' id='word_1_428' title='bbox 2402 2443 2502 2491; x_wconf 90' lang='lat' dir='ltr'>Do-</span> 
     </span>
     <span class='ocr_line' id='line_1_81' title="bbox 1465 2509 2497 2582; baseline -0.005 -18"><span class='ocrx_word' id='word_1_429' title='bbox 1465 2513 1566 2564; x_wconf 72' lang='lat' dir='ltr'>mt‘is</span> <span class='ocrx_word' id='word_1_430' title='bbox 1601 2516 1933 2564; x_wconf 85' lang='lat' dir='ltr'>Panormitanae</span> <span class='ocrx_word' id='word_1_431' title='bbox 1970 2532 2054 2582; x_wconf 86' lang='lat' dir='ltr'>pro</span> <span class='ocrx_word' id='word_1_432' title='bbox 2084 2511 2244 2561; x_wconf 89' lang='lat' dir='ltr'>nostris</span> <span class='ocrx_word' id='word_1_433' title='bbox 2276 2509 2497 2560; x_wconf 87' lang='lat' dir='ltr'>Sacerdo-</span> 
     </span>
     <span class='ocr_line' id='line_1_82' title="bbox 1464 2583 2493 2653; baseline -0.005 -18"><span class='ocrx_word' id='word_1_434' title='bbox 1464 2586 1586 2635; x_wconf 88' lang='lat' dir='ltr'>tibus</span> <span class='ocrx_word' id='word_1_435' title='bbox 1612 2584 1791 2635; x_wconf 72' lang='lat' dir='ltr'>tantfim</span> <span class='ocrx_word' id='word_1_436' title='bbox 1818 2587 1865 2634; x_wconf 89' lang='lat' dir='ltr'>in</span> <span class='ocrx_word' id='word_1_437' title='bbox 1896 2599 2169 2653; x_wconf 88' lang='lat' dir='ltr'>perpetuum</span> <span class='ocrx_word' id='word_1_438' title='bbox 2196 2583 2464 2652; x_wconf 88' lang='lat' dir='ltr'>privilegiat</span> <span class='ocrx_word' id='word_1_439' title='bbox 2481 2619 2493 2631; x_wconf 94' lang='lat'>.</span> 
     </span>
     <span class='ocr_line' id='line_1_83' title="bbox 1465 2656 2496 2725; baseline -0.005 -17"><span class='ocrx_word' id='word_1_440' title='bbox 1465 2658 1690 2725; x_wconf 87' lang='lat' dir='ltr'>Gregorius</span> <span class='ocrx_word' id='word_1_441' title='bbox 1707 2656 1762 2708; x_wconf 93' lang='lat' dir='ltr'><em>X</em></span> <span class='ocrx_word' id='word_1_442' title='bbox 1775 2656 1826 2706; x_wconf 88' lang='lat' dir='ltr'>V.</span> <span class='ocrx_word' id='word_1_443' title='bbox 2131 2698 2134 2701; x_wconf 92' lang='lat'>.</span> <span class='ocrx_word' id='word_1_444' title='bbox 2400 2667 2496 2717; x_wconf 89' lang='lat'>145</span> 
     </span>
    </p>

    <p class='ocr_par' dir='ltr' id='par_1_19' title="bbox 1458 2723 2504 3775">
     <span class='ocr_line' id='line_1_84' title="bbox 1536 2723 2501 2796; baseline -0.005 -18"><span class='ocrx_word' id='word_1_445' title='bbox 1536 2727 1617 2778; x_wconf 85' lang='lat' dir='ltr'>Ad</span> <span class='ocrx_word' id='word_1_446' title='bbox 1635 2746 1790 2796; x_wconf 87' lang='lat' dir='ltr'>preces</span> <span class='ocrx_word' id='word_1_447' title='bbox 1822 2728 2068 2778; x_wconf 88' lang='lat' dir='ltr'>Felicitatis</span> <span class='ocrx_word' id='word_1_448' title='bbox 2092 2724 2245 2778; x_wconf 90' lang='lat' dir='ltr'>Corso</span> <span class='ocrx_word' id='word_1_449' title='bbox 2269 2723 2501 2774; x_wconf 84' lang='lat' dir='ltr'>Monaste·</span> 
     </span>
     <span class='ocr_line' id='line_1_85' title="bbox 1466 2793 2497 2864; baseline -0.006 -14"><span class='ocrx_word' id='word_1_450' title='bbox 1466 2801 1587 2850; x_wconf 86' lang='lat' dir='ltr'>rium</span> <span class='ocrx_word' id='word_1_451' title='bbox 1633 2800 1970 2849; x_wconf 85' lang='lat' dir='ltr'>Tertiariarum</span> <span class='ocrx_word' id='word_1_452' title='bbox 2013 2799 2362 2864; x_wconf 86' lang='lat' dir='ltr'>Capucinarum</span> <span class='ocrx_word' id='word_1_453' title='bbox 2413 2793 2497 2845; x_wconf 88' lang='lat' dir='ltr'>sub</span> 
     </span>
     <span class='ocr_line' id='line_1_86' title="bbox 1465 2867 2501 2936; baseline -0.005 -16"><span class='ocrx_word' id='word_1_454' title='bbox 1465 2872 1758 2921; x_wconf 84' lang='lat' dir='ltr'>invocatione</span> <span class='ocrx_word' id='word_1_455' title='bbox 1781 2870 1956 2922; x_wconf 69' lang='lat' dir='ltr'>Sanc‘tae</span> <span class='ocrx_word' id='word_1_456' title='bbox 1980 2867 2209 2920; x_wconf 86' lang='lat' dir='ltr'>Elisabeth</span> <span class='ocrx_word' id='word_1_457' title='bbox 2237 2868 2426 2936; x_wconf 89' lang='lat' dir='ltr'>Reginae</span> <span class='ocrx_word' id='word_1_458' title='bbox 2452 2869 2501 2915; x_wconf 89' lang='lat' dir='ltr'>in</span> 
     </span>
     <span class='ocr_line' id='line_1_87' title="bbox 1465 2938 2497 2993; baseline -0.006 0"><span class='ocrx_word' id='word_1_459' title='bbox 1465 2943 1670 2993; x_wconf 89' lang='lat' dir='ltr'>Civitate</span> <span class='ocrx_word' id='word_1_460' title='bbox 1708 2944 1922 2992; x_wconf 90' lang='lat' dir='ltr'>Panormi</span> <span class='ocrx_word' id='word_1_461' title='bbox 1954 2938 2186 2990; x_wconf 87' lang='lat' dir='ltr'>construi:</span> <span class='ocrx_word' id='word_1_462' title='bbox 2226 2941 2387 2989; x_wconf 90' lang='lat' dir='ltr'>harum</span> <span class='ocrx_word' id='word_1_463' title='bbox 2418 2955 2497 2988; x_wconf 87' lang='lat' dir='ltr'>nu·</span> 
     </span>
     <span class='ocr_line' id='line_1_88' title="bbox 1464 3011 2504 3082; baseline -0.006 -19"><span class='ocrx_word' id='word_1_464' title='bbox 1464 3031 1646 3063; x_wconf 86' lang='lat' dir='ltr'>merum</span> <span class='ocrx_word' id='word_1_465' title='bbox 1677 3012 1735 3062; x_wconf 92' lang='lat' dir='ltr'>ad</span> <span class='ocrx_word' id='word_1_466' title='bbox 1769 3015 1962 3082; x_wconf 83' lang='lat' dir='ltr'>triginta</span> <span class='ocrx_word' id='word_1_467' title='bbox 1996 3026 2088 3062; x_wconf 90' lang='lat' dir='ltr'>tres</span> <span class='ocrx_word' id='word_1_468' title='bbox 2124 3011 2339 3061; x_wconf 87' lang='lat' dir='ltr'>extendi:</span> <span class='ocrx_word' id='word_1_469' title='bbox 2379 3012 2504 3059; x_wconf 88' lang='lat' dir='ltr'>Con·</span> 
     </span>
     <span class='ocr_line' id='line_1_89' title="bbox 1465 3081 2501 3148; baseline -0.006 -14"><span class='ocrx_word' id='word_1_470' title='bbox 1465 3082 1616 3134; x_wconf 88' lang='lat' dir='ltr'>versas</span> <span class='ocrx_word' id='word_1_471' title='bbox 1658 3086 1704 3132; x_wconf 88' lang='lat' dir='ltr'>in</span> <span class='ocrx_word' id='word_1_472' title='bbox 1744 3086 1861 3134; x_wconf 90' lang='lat' dir='ltr'>illud</span> <span class='ocrx_word' id='word_1_473' title='bbox 1906 3101 1996 3133; x_wconf 91' lang='lat' dir='ltr'>non</span> <span class='ocrx_word' id='word_1_474' title='bbox 2026 3081 2249 3131; x_wconf 87' lang='lat' dir='ltr'>admitti:</span> <span class='ocrx_word' id='word_1_475' title='bbox 2288 3097 2372 3148; x_wconf 90' lang='lat' dir='ltr'>pro</span> <span class='ocrx_word' id='word_1_476' title='bbox 2405 3084 2501 3142; x_wconf 89' lang='lat' dir='ltr'>ejus</span> 
     </span>
     <span class='ocr_line' id='line_1_90' title="bbox 1466 3149 2499 3224; baseline -0.007 -18"><span class='ocrx_word' id='word_1_477' title='bbox 1466 3154 1689 3224; x_wconf 87' lang='lat' dir='ltr'>regimine</span> <span class='ocrx_word' id='word_1_478' title='bbox 1709 3157 1892 3204; x_wconf 82' lang='lat' dir='ltr'>Statura</span> <span class='ocrx_word' id='word_1_479' title='bbox 1916 3152 2082 3203; x_wconf 91' lang='lat' dir='ltr'>condi:</span> <span class='ocrx_word' id='word_1_480' title='bbox 2114 3150 2398 3201; x_wconf 87' lang='lat' dir='ltr'>Moniaiibus</span> <span class='ocrx_word' id='word_1_481' title='bbox 2418 3149 2499 3200; x_wconf 93' lang='lat' dir='ltr'>sub</span> 
     </span>
     <span class='ocr_line' id='line_1_91' title="bbox 1458 3222 2503 3293; baseline -0.006 -16"><span class='ocrx_word' id='word_1_482' title='bbox 1458 3223 1775 3293; x_wconf 69' lang='lat' dir='ltr'>jurisdistione</span> <span class='ocrx_word' id='word_1_483' title='bbox 1813 3224 2051 3276; x_wconf 88' lang='lat' dir='ltr'>Ordinarii</span> <span class='ocrx_word' id='word_1_484' title='bbox 2083 3222 2382 3280; x_wconf 90' lang='lat' dir='ltr'>viventibus,</span> <span class='ocrx_word' id='word_1_485' title='bbox 2413 3224 2503 3290; x_wconf 88' lang='lat' dir='ltr'>pri-</span> 
     </span>
     <span class='ocr_line' id='line_1_92' title="bbox 1467 3293 2496 3366; baseline -0.004 -18"><span class='ocrx_word' id='word_1_486' title='bbox 1467 3298 1637 3366; x_wconf 87' lang='lat' dir='ltr'>vilegia</span> <span class='ocrx_word' id='word_1_487' title='bbox 1656 3297 1854 3348; x_wconf 87' lang='lat' dir='ltr'>aliorum</span> <span class='ocrx_word' id='word_1_488' title='bbox 1870 3293 2095 3346; x_wconf 85' lang='lat' dir='ltr'>similium.</span> <span class='ocrx_word' id='word_1_489' title='bbox 2107 3294 2496 3344; x_wconf 87' lang='lat' dir='ltr'>Monasteriorum</span> 
     </span>
     <span class='ocr_line' id='line_1_93' title="bbox 1465 3364 2498 3420; baseline -0.007 0"><span class='ocrx_word' id='word_1_490' title='bbox 1465 3369 1801 3420; x_wconf 88' lang='lat' dir='ltr'>communicari</span> <span class='ocrx_word' id='word_1_491' title='bbox 1832 3389 1844 3418; x_wconf 74' lang='grc' dir='ltr'><strong><em>ε</em></strong></span> <span class='ocrx_word' id='word_1_492' title='bbox 1886 3369 2062 3418; x_wconf 86' lang='lat' dir='ltr'>nullam</span> <span class='ocrx_word' id='word_1_493' title='bbox 2100 3364 2180 3415; x_wconf 89' lang='lat' dir='ltr'>nifi</span> <span class='ocrx_word' id='word_1_494' title='bbox 2219 3384 2326 3414; x_wconf 90' lang='lat' dir='ltr'>cum</span> <span class='ocrx_word' id='word_1_495' title='bbox 2358 3364 2498 3413; x_wconf 58' lang='lat' dir='ltr'>dote,</span> 
     </span>
     <span class='ocr_line' id='line_1_94' title="bbox 1465 3433 2501 3502; baseline -0.005 -11"><span class='ocrx_word' id='word_1_496' title='bbox 1465 3441 1603 3491; x_wconf 82' lang='lat' dir='ltr'>annui</span> <span class='ocrx_word' id='word_1_497' title='bbox 1635 3438 1836 3490; x_wconf 65' lang='lat' dir='ltr'>redditus</span> <span class='ocrx_word' id='word_1_498' title='bbox 1863 3459 1944 3502; x_wconf 86' lang='lat'>30.</span> <span class='ocrx_word' id='word_1_499' title='bbox 1977 3436 2215 3487; x_wconf 88' lang='lat' dir='ltr'>scutorum</span> <span class='ocrx_word' id='word_1_500' title='bbox 2248 3437 2422 3502; x_wconf 88' lang='lat' dir='ltr'>recipi,</span> <span class='ocrx_word' id='word_1_501' title='bbox 2450 3433 2501 3486; x_wconf 83' lang='lat'>&amp;</span> 
     </span>
     <span class='ocr_line' id='line_1_95' title="bbox 1465 3505 2500 3580; baseline -0.01 -17"><span class='ocrx_word' id='word_1_502' title='bbox 1465 3515 1693 3580; x_wconf 87' lang='lat' dir='ltr'>Legatum</span> <span class='ocrx_word' id='word_1_503' title='bbox 1722 3530 1802 3573; x_wconf 86' lang='lat'>37.</span> <span class='ocrx_word' id='word_1_504' title='bbox 1833 3511 2068 3561; x_wconf 87' lang='lat' dir='ltr'>scutorum</span> <span class='ocrx_word' id='word_1_505' title='bbox 2088 3508 2198 3558; x_wconf 71' lang='lat' dir='ltr'>alias</span> <span class='ocrx_word' id='word_1_506' title='bbox 2221 3525 2306 3576; x_wconf 90' lang='lat' dir='ltr'>pro</span> <span class='ocrx_word' id='word_1_507' title='bbox 2333 3505 2500 3554; x_wconf 89' lang='lat' dir='ltr'>nuben-</span> 
     </span>
     <span class='ocr_line' id='line_1_96' title="bbox 1463 3578 2500 3651; baseline -0.008 -18"><span class='ocrx_word' id='word_1_508' title='bbox 1463 3583 1521 3633; x_wconf 90' lang='lat' dir='ltr'>da</span> <span class='ocrx_word' id='word_1_509' title='bbox 1551 3581 1826 3651; x_wconf 85' lang='lat' dir='ltr'>affignatum</span> <span class='ocrx_word' id='word_1_510' title='bbox 1856 3600 1939 3650; x_wconf 92' lang='lat' dir='ltr'>pro</span> <span class='ocrx_word' id='word_1_511' title='bbox 1968 3578 2287 3630; x_wconf 87' lang='lat' dir='ltr'>commodiore</span> <span class='ocrx_word' id='word_1_512' title='bbox 2315 3578 2500 3626; x_wconf 89' lang='lat' dir='ltr'>Monia·</span> 
     </span>
     <span class='ocr_line' id='line_1_97' title="bbox 1465 3646 2500 3721; baseline -0.007 -18"><span class='ocrx_word' id='word_1_513' title='bbox 1465 3657 1563 3704; x_wconf 88' lang='lat' dir='ltr'>ium</span> <span class='ocrx_word' id='word_1_514' title='bbox 1591 3653 1716 3703; x_wconf 69' lang='lat' dir='ltr'>vistu</span> <span class='ocrx_word' id='word_1_515' title='bbox 1740 3654 1958 3721; x_wconf 88' lang='lat' dir='ltr'>applicari</span> <span class='ocrx_word' id='word_1_516' title='bbox 1987 3687 2003 3710; x_wconf 92' lang='lat'><strong>,</strong></span> <span class='ocrx_word' id='word_1_517' title='bbox 2031 3646 2392 3716; x_wconf 86' lang='lat' dir='ltr'>Archiepiscopo</span> <span class='ocrx_word' id='word_1_518' title='bbox 2414 3650 2500 3697; x_wconf 86' lang='lat' dir='ltr'>Pa-</span> 
     </span>
     <span class='ocr_line' id='line_1_98' title="bbox 1465 3718 2501 3775; baseline -0.007 0"><span class='ocrx_word' id='word_1_519' title='bbox 1465 3727 1727 3775; x_wconf 89' lang='lat' dir='ltr'>normitano</span> <span class='ocrx_word' id='word_1_520' title='bbox 1763 3724 2019 3774; x_wconf 89' lang='lat' dir='ltr'>committit</span> <span class='ocrx_word' id='word_1_521' title='bbox 2040 3759 2051 3770; x_wconf 87' lang='lat'>.</span> <span class='ocrx_word' id='word_1_522' title='bbox 2092 3721 2246 3771; x_wconf 84' lang='lat' dir='ltr'>Paulus</span> <span class='ocrx_word' id='word_1_523' title='bbox 2274 3719 2328 3768; x_wconf 89' lang='lat' dir='ltr'>V.</span> <span class='ocrx_word' id='word_1_524' title='bbox 2436 3718 2501 3768; x_wconf 78' lang='lat' dir='ltr'>ibi</span> 
     </span>
    </p>

    <p class='ocr_par' dir='ltr' id='par_1_20' title="bbox 1466 3789 2500 3936">
     <span class='ocr_line' id='line_1_99' title="bbox 1539 3789 2500 3865; baseline -0.008 -20"><span class='ocrx_word' id='word_1_525' title='bbox 1539 3801 1616 3846; x_wconf 88' lang='lat' dir='ltr'>Fr.</span> <span class='ocrx_word' id='word_1_526' title='bbox 1638 3798 1878 3865; x_wconf 89' lang='lat' dir='ltr'>Angelum</span> <span class='ocrx_word' id='word_1_527' title='bbox 1903 3795 1929 3844; x_wconf 73' lang='lat' dir='ltr'>a</span> <span class='ocrx_word' id='word_1_528' title='bbox 1956 3794 2189 3845; x_wconf 88' lang='lat' dir='ltr'>Corleone</span> <span class='ocrx_word' id='word_1_529' title='bbox 2218 3791 2276 3841; x_wconf 90' lang='lat' dir='ltr'>ad</span> <span class='ocrx_word' id='word_1_530' title='bbox 2306 3789 2500 3840; x_wconf 86' lang='lat' dir='ltr'>liberan-</span> 
     </span>
     <span class='ocr_line' id='line_1_100' title="bbox 1466 3862 2500 3936; baseline -0.011 -17"><span class='ocrx_word' id='word_1_531' title='bbox 1466 3866 1549 3919; x_wconf 89' lang='lat' dir='ltr'>dos</span> <span class='ocrx_word' id='word_1_532' title='bbox 1584 3866 1609 3918; x_wconf 62' lang='lat' dir='ltr'>e*</span> <span class='ocrx_word' id='word_1_533' title='bbox 1645 3869 1912 3936; x_wconf 86' lang='lat' dir='ltr'>captivitate</span> <span class='ocrx_word' id='word_1_534' title='bbox 1949 3863 2117 3916; x_wconf 81' lang='lat' dir='ltr'>Christi</span> <span class='ocrx_word' id='word_1_535' title='bbox 2146 3863 2323 3914; x_wconf 86' lang='lat' dir='ltr'>Fideles</span> <span class='ocrx_word' id='word_1_536' title='bbox 2359 3862 2500 3929; x_wconf 87' lang='lat' dir='ltr'>Alge-</span> 
     </span>
    </p>
   </div>
   <div class='ocr_carea' id='block_1_8' title="bbox 2333 3931 2436 3973">
    <p class='ocr_par' dir='ltr' id='par_1_21' title="bbox 2333 3931 2436 3973">
     <span class='ocr_line' id='line_1_101' title="bbox 2333 3931 2436 3973; baseline -0.029 0"><span class='ocrx_word' id='word_1_537' title='bbox 2333 3931 2436 3973; x_wconf 87' lang='lat' dir='ltr'>rium</span> 
     </span>
    </p>
   </div>
  </div>
 </body>
</html>
