2664 4114
370 231 428 315 6

302 349 397 391 'rum
413 343 656 388 Monialium
671 342 784 387 exire
804 340 994 389 valeant,
1016 339 1293 394 authoritate,
1313 343 1354 384 &-

304 416 456 448 tenore
474 403 698 460 praedut‘tis,
724 401 802 443 fine
826 398 996 451 alicujus
1019 399 1253 454 praejudicio
1273 403 1354 444 eri-

304 466 512 520 gimus,&
528 462 791 503 instituimus:
818 473 863 499 ac
876 457 1013 499 eidem
1028 460 1192 511 Mariae,
1207 472 1253 503 ut
1274 458 1357 503 vita

304 523 389 579 ejus
415 524 626 563 dumtaxat
645 518 931 562 Monasterium
955 516 1215 573 hujusmodi,
1240 519 1355 575 cujus

301 582 503 625 Moniales
533 577 704 635 praefatae
721 577 788 618 fibi
811 587 1017 633 tamquam
1037 577 1193 629 Matri,
1222 593 1267 621 ac
1285 585 1359 623 Su-

300 641 454 698 periori
472 638 644 682 obedire
661 647 884 679 teneantur
897 665 911 687 ,
932 650 1086 692 regere
1100 666 1116 689 ,
1147 638 1187 679 δι
1204 640 1359 694 guber-

300 714 429 747 nare,
459 713 505 740 ac
528 710 602 748 pro
632 695 865 750 regimine,
898 696 1013 747 ritu,
1047 697 1255 748 moribus,
1287 712 1352 742 re-

302 758 434 813 gulari
465 752 754 806 observantia,
786 757 826 797 δι
853 755 1020 798 illarum
1050 756 1352 801 instruftione.)

298 830 419 860 unam
434 844 450 865 ,
482 812 548 856 vel
563 812 664 856 duas
680 814 850 870 cujusvis
867 815 1039 857 Ordinis
1058 816 1259 859 Moniales
1274 845 1288 865 ,
1303 816 1354 859 ad

297 875 340 918 id
369 872 624 915 voluntarias
646 902 661 925 ,
693 889 782 929 quae
812 872 914 916 infra
946 874 1100 916 dictum
1140 875 1354 919 duodena·

298 933 404 977 rium
432 945 648 974 numerum
665 932 1073 988 comprehendantur
1089 961 1103 983 ,
1126 944 1168 975 ut
1188 933 1351 976 suorum

298 992 568 1046 Superiorum
595 991 767 1034 licentia
794 990 924 1049 petita
941 1020 956 1043 ,
986 994 1027 1034 δι
1054 991 1259 1045 obtenta,
1283 1006 1349 1037 au.

298 1051 503 1094 thoritate
537 1052 794 1105 praesentium
823 1051 873 1093 ad
902 1052 1114 1107 praefatum
1151 1052 1354 1096 Monaste-

298 1111 404 1153 rium
433 1112 474 1153 se
499 1109 733 1153 transferre
769 1110 966 1162 valeant,
999 1125 1074 1166 pro
1104 1113 1237 1167 prima
1261 1112 1353 1155 vice

297 1168 534 1226 postulare,
565 1169 606 1209 δι
629 1183 749 1212 unam
780 1170 820 1212 in
849 1169 1129 1223 Abbatiffam‚
1163 1181 1355 1227 tempore

296 1226 433 1271 obitus
463 1227 581 1284 ipfius
614 1229 755 1272 Mariae
786 1230 981 1285 eligere,
1012 1231 1079 1273 seu
1112 1229 1355 1287 deputare3

298 1290 340 1329 &
369 1288 487 1330 aliam
521 1288 764 1332 Monialium
797 1287 1054 1337 earundem,
1099 1290 1353 1334 Monialibus

296 1347 483 1390 Novitiis
514 1345 612 1389 dieti
640 1348 873 1392 Monasterii
909 1362 985 1403 pro
1011 1348 1176 1392 illarum
1207 1350 1357 1392 instru-

299 1406 465 1457 ctione,
496 1407 536 1446 &
569 1406 786 1457 doctrina,
818 1407 981 1462 quoties
1010 1406 1079 1448 fibi
1113 1409 1353 1462 videbitur,

302 1463 536 1523 praeficere,
558 1478 633 1507 nec
651 1479 731 1509 non
749 1466 787 1506 in
803 1465 937 1507 locum
951 1464 1244 1508 decedentium
1263 1471 1354 1509 Mo-

305 1524 475 1568 nialium
503 1520 775 1568 Profeffarum
803 1521 901 1566 alias
925 1524 1146 1580 subrogare
1163 1553 1177 1577 ,
1208 1527 1245 1567 &
1268 1524 1358 1567 suc-

299 1583 446 1627 ceffive
477 1583 717 1626 vacantibus
732 1582 875 1625 officiis
892 1581 1074 1637 ejusdem
1092 1584 1353 1637 Monasterii,

301 1643 404 1688 alias
432 1655 505 1698 per
524 1642 722 1698 majorem
740 1653 898 1699 partem
916 1641 1092 1698 ipsarum
1110 1644 1353 1687 Monialium

302 1703 550 1758 approbatas
567 1730 580 1754 ,
612 1704 722 1744 annis
745 1702 934 1759 linguliS,
965 1702 1190 1747 dummodo
1218 1702 1352 1745 officia

299 1757 536 1819 hujusmodi
551 1761 655 1804 ultra
671 1763 894 1806 triennium
907 1775 988 1804 non
1016 1761 1238 1819 perdurent
1250 1791 1265 1814 ‚
1281 1761 1354 1805 de-

294 1833 472 1881 putare,
504 1835 582 1865 nec
602 1836 679 1864 non
706 1821 811 1865 dista
843 1820 975 1865 Maria
997 1822 1080 1865 vita
1099 1820 1234 1864 funeta
1249 1850 1263 1873 ,
1281 1821 1356 1864 de·

299 1881 546 1925 cedentibus
574 1894 648 1936 pro
675 1892 864 1937 tenpore
891 1880 1110 1923 Abbatiffis
1140 1881 1354 1938 ejusdem..

304 1940 540 1984 Monasterii
558 1941 757 1985 Moniales
773 1937 946 1998 praefatae
963 1938 1147 1984 Profeffae
1174 1954 1294 1983 unam
1309 1939 1352 1982 fi-

303 2002 342 2044 bi
367 2001 407 2042 in
426 1996 671 2042 Abbatiffam
690 2030 705 2052 ,
730 2003 754 2044 a
787 1999 927 2054 majori
944 2009 1062 2055 parte
1084 2001 1354 2056 approbatam

296 2060 490 2113 eligeret,
518 2074 565 2102 ac
581 2072 655 2115 pro
680 2059 779 2101 dieti
812 2059 1071 2110 Monasterii,
1103 2059 1216 2116 quod
1242 2058 1354 2100 nulla

298 2116 472 2175 persona
499 2145 515 2168 ,
545 2118 693 2174 quovis
727 2117 948 2173 privilegio
979 2117 1138 2161 suffulta
1160 2147 1174 2170 ,
1207 2118 1356 2175 absque

301 2176 542 2223 earumdem
572 2177 824 2232 pra-sentium
847 2175 1040 2232 speciali,
1073 2175 1259 2234 specifica
1277 2207 1291 2230 ,
1318 2179 1358 2218 δε

303 2234 489 2292 expressa
514 2236 756 2288 mentione,
777 2237 817 2277 δε
845 2234 1057 2280 sufficienti
1084 2237 1356 2292 derogatione

305 2294 548 2340 earumdem
562 2325 575 2348 ,
591 2310 637 2337 ac
663 2310 714 2339 ex
736 2296 919 2352 legitima
934 2322 948 2343 ,
971 2298 1011 2338 6<
1026 2295 1241 2341 neceflaria
1257 2310 1357 2339 cau—

305 2357 344 2398 sa
360 2354 523 2411 ingredi
548 2353 662 2412 poffit
676 2382 691 2405 ,
717 2353 866 2397 salubri
882 2355 1109 2399 directione
1125 2386 1140 2407 ,
1157 2370 1360 2413 quaecum-

302 2429 385 2472 que
415 2414 562 2456 statuta
582 2440 596 2463 ,
628 2415 668 2455 &
699 2413 1016 2467 ordinationes,
1047 2415 1188 2464 licita,
1219 2418 1259 2457 &
1286 2417 1360 2458 ho-

302 2473 412 2517 nesta
428 2502 442 2525 ,
455 2488 502 2515 ac
523 2472 645 2517 sacris
669 2474 906 2517 Canonibus
924 2489 1003 2516 non
1019 2475 1225 2517 contraria
1242 2502 1257 2525 ,
1271 2489 1358 2531 quae

298 2548 377 2591 per
393 2532 641 2576 Abbatiffam
661 2560 675 2583 ,
699 2534 740 2574 δι
772 2533 975 2576 Moniales
1002 2532 1182 2590 ejusdem
1212 2537 1359 2576 Mona-

300 2593 411 2635 sterii
435 2607 508 2648 pro
539 2603 732 2649 tempore
747 2593 966 2635 existentes
988 2593 1135 2636 servari
1162 2593 1357 2642 debeant,

301 2651 487 2695 condere
501 2681 513 2703 ,
528 2654 568 2693 &
583 2652 748 2705 facere3
764 2665 839 2694 nec
858 2666 935 2694 non
951 2651 1164 2695 Abbatiffae
1180 2681 1194 2704 ,
1210 2653 1250 2694 &
1266 2655 1358 2694 Mo-

302 2711 474 2753 nialibus
503 2726 579 2766 pro
606 2721 795 2768 tempore
825 2711 1090 2754 existentibus
1108 2741 1123 2763 ‚
1155 2713 1232 2753 una
1261 2725 1356 2753 cum

301 2769 460 2826 septem
483 2771 783 2819 Converfis,&
800 2768 1075 2814 servientibus
1093 2770 1204 2814 ultra
1230 2769 1354 2814 dictas

299 2830 533 2881 Moniales,
568 2844 736 2886 quarum
749 2844 943 2873 numerus
968 2833 1107 2886 augeri
1124 2844 1205 2873 non
1220 2829 1354 2885 poffit,

302 2900 350 2932 ut
363 2903 440 2945 pro
453 2890 626 2945 ipsarum
642 2891 885 2944 congruenti
898 2889 1272 2941 substentatione,&
1283 2890 1357 2932 ali-

301 2949 453 2992 mentis
485 2963 751 3004 quaecumque
780 2951 883 2992 bona
916 2949 1110 3001 mobilia,
1141 2951 1182 2991 &
1211 2950 1357 2992 immo-

302 3007 401 3051 bilia
419 3036 433 3060 ,
456 3023 504 3051 ac
534 3008 574 3051 se
599 3009 837 3060 moventia,
866 3024 938 3053 nec
961 3023 1043 3052 non
1064 3007 1233 3060 census,
1259 3008 1357 3051 red-

303 3068 417 3110 ditus
434 3095 447 3119 ,
477 3081 524 3110 ac
550 3078 802 3124 proventus,
817 3082 864 3110 ac
879 3082 1149 3125 quaecumquae
1173 3068 1250 3110 alia
1266 3068 1356 3111 sub-

300 3127 400 3168 sidia
432 3140 507 3182 per
539 3128 715 3170 eandem
749 3128 948 3177 Mariam,
973 3130 1014 3170 δι
1041 3125 1357 3183 quoscumque)

302 3186 401 3229 alios
431 3185 735 3230 Christifideles
766 3186 876 3229 dieto
905 3186 1156 3230 Monasterio
1181 3186 1245 3242 pie
1274 3187 1356 3228 lar-

302 3242 479 3301 gienda,
508 3247 547 3287 &
573 3246 809 3302 eroganda,
841 3261 888 3289 ac
919 3259 994 3301 pro
1014 3257 1204 3302 tempore
1228 3245 1357 3288 dona-

301 3315 376 3352 ta,
408 3301 543 3357 legata
562 3333 579 3354 ,
609 3307 650 3346 &
676 3305 818 3348 relic‘ta
845 3305 959 3348 licite
985 3306 1027 3348 in
1058 3307 1263 3348 communi
1285 3318 1354 3347 re·

303 3363 444 3404 sinere
469 3388 484 3411 ,
527 3376 573 3404 ac
604 3363 645 3404 in
676 3378 843 3417 earum,
887 3367 928 3407 δι
958 3366 1016 3408 eis
1048 3365 1355 3412 servientium,

304 3423 347 3463 δε
367 3419 672 3463 Conversarum
691 3424 960 3467 Personarum
976 3438 1172 3468 comunes
1187 3454 1203 3477 ,
1226 3425 1357 3468 hone-

303 3482 381 3523 stos
398 3506 410 3530 ‚
434 3480 471 3520 &
487 3479 730 3523 necessarios
755 3482 847 3525 usus
874 3494 1154 3537 converteret,
1185 3499 1257 3527 nec
1275 3499 1355 3527 non

303 3537 553 3583 Rectoribus
589 3538 685 3581 dieti
718 3541 940 3597 Hospitalis
962 3573 976 3596 ,
1008 3554 1056 3588 ut
1087 3544 1255 3587 interim
1283 3544 1359 3587 eis-

305 3598 401 3641 dem
426 3597 637 3639 Abbatissae
654 3600 818 3651 Mariae,
834 3603 873 3642 &
899 3603 1143 3647 Monialibus
1170 3603 1223 3646 de
1242 3603 1359 3646 bonis

304 3657 428 3711 ipsius
444 3656 666 3710 Hospitalis
683 3659 803 3701 victui
820 3660 1048 3715 necessaria,
1062 3674 1184 3718 prout
1201 3662 1250 3704 ad
1267 3677 1362 3718 prae-

305 3716 393 3759 sens
415 3715 570 3759 faciunt
591 3744 603 3767 ,
634 3717 783 3772 absque
805 3719 1061 3765 conscientiae
1076 3723 1264 3779 scrupulo
1282 3723 1360 3764 mi·

304 3776 476 3819 nistrare
491 3806 504 3828 ‚
526 3773 696 3831 ipfisque
723 3776 790 3819 illa
810 3777 923 3820 licite
946 3782 1161 3834 recipere3
1195 3795 1358 3824 necnon

302 3836 584 3888 Monasterio,
615 3850 661 3889 ac
692 3834 803 3879 illius
831 3838 1043 3883 Abbatiffae
1075 3840 1358 3896 Monialibus,

1159 221 1692 313 Provincia

1416 345 1455 386 δε
1470 341 1650 400 personis
1678 354 1757 400 pro
1774 346 1962 396 tempore
1989 336 2258 394 existentibus
2277 338 2486 395 hujusmoi.

1414 404 1486 452 di,
1519 413 1565 445 ut
1597 404 1816 452 omnibus,
1847 403 1888 442 δι
1922 398 2087 454 fingulls
2116 396 2490 451 immunitatibus,

1417 462 1749 517 exemptionibus
1764 488 1778 510 ,
1796 459 2063 502 libertatibns
2081 486 2096 510 ,
2125 459 2349 514 privilegiis
2364 488 2380 510 ,
2392 472 2489 515 gra-7.

1417 523 1515 572 tiis,
1545 518 1899 571 conceffionibus,
1930 517 2225 572 indulgentiis,
2258 516 2487 570 favoribus,

1419 578 1676 626 &indultis,
1709 581 1858 635 quibus
1884 578 2169 628 Monasteria,
2202 579 2240 620 δι
2271 577 2362 621 loca
2377 579 2487 619 Ter-

1420 640 1466 682 tii
1485 637 1619 681 Sancti
1647 637 1848 682 Francisci
1875 637 2090 693 praedicti,
2123 650 2170 678 ac
2197 639 2350 680 Sanctae
2377 635 2489 679 Cla-⁴

1415 713 1469 742 1·ae
1500 696 1712 740 Ordinum
1730 726 1745 750 ,
1777 697 2031 753 illorumque
2060 694 2308 745 Abbatiffae,
2338 697 2489 737 &Mo-

1415 756 1545 801 niales
1561 784 1576 808 ,
1589 769 1636 798 ac
1655 755 1833 812 personae
1848 767 2025 800 utuntur
2038 786 2053 809 ‚
2076 757 2295 812 potiuntur
2309 781 2324 804 ,
2336 755 2376 797 &
2391 766 2489 811 gau·-

1415 817 1543 867 dent,
1569 828 1616 856 ac
1634 816 1720 868 uti,
1742 817 1863 872 potiri
1882 845 1896 868 ,
1909 816 2149 872 &gaudere
2165 823 2363 870 poterunt
2381 818 2488 869 quo-

1414 873 1647 920 modolibet
1667 874 1704 917 in
1724 873 1936 926 futurum,
1957 877 2042 924 uti,
2058 875 2178 931 potiri
2197 904 2213 926 ,
2236 887 2283 917 ac
2300 873 2489 929 gaudere

1414 935 1547 978 libere
1560 961 1573 984 ,
1589 931 1763 976 &licite
1781 935 1946 978 valeant
1959 948 1975 988 3
1990 934 2148 991 ipsique
2165 931 2396 978 Confessori
2411 960 2426 984 ,
2441 938 2489 973 ut

1414 1008 1493 1052 pro
1508 996 1880 1037 sacramentorum
1893 993 2248 1037 administratione
2261 1020 2277 1044 ,
2296 993 2364 1035 seu
2380 991 2491 1034 alte-

1417 1055 1505 1097 rius
1522 1049 1773 1096 neceffitatis
1788 1050 1975 1101 causa,ac
1989 1050 2155 1094 Medico
2169 1052 2288 1093 causa
2304 1048 2492 1092 visitandi

1417 1112 1599 1155 infirmas
1626 1109 1842 1154 dumtaxat
1857 1139 1871 1163 ,
1894 1109 2188 1153 Monasterium
2215 1109 2452 1164 pradictum
2469 1134 2486 1157 2

1418 1172 1475 1216 de
1491 1171 1710 1215 voluntate
1728 1180 1865 1214 tamen
1877 1198 1892 1221 ,
1912 1165 2080 1211 scientia
2093 1197 2108 1220 ,
2129 1170 2170 1210 δι
2185 1165 2370 1224 expresso
2385 1182 2491 1210 con-

1419 1230 1532 1277 sensu
1550 1227 1769 1273 Abbatiffae
1783 1259 1798 1283 ,
1811 1231 1852 1272 δε
1865 1228 1991 1272 totius
2006 1231 2252 1271 Conventus
2277 1227 2375 1269 dieti
2393 1228 2489 1271 Μο-.

1417 1289 1610 1341 nasterii,
1638 1290 1690 1331 fic
1709 1299 1878 1341 tamen,
1905 1287 2015 1345 quod
2046 1287 2182 1330 tamin
2199 1286 2373 1329 introitu
2393 1288 2493 1327 Mo-v

1419 1348 1587 1395 nasterii
1606 1348 1871 1405 hujusmodi,
1903 1348 2026 1405 quam
2050 1343 2211 1401 egressu
2236 1345 2286 1386 ab
2311 1345 2388 1387 illo
2400 1345 2490 1388 duae

1416 1425 1470 1454 ex
1486 1408 1798 1466 antiquioribus
1817 1407 2066 1452 Monialibus
2083 1402 2263 1460 profeffis
2281 1403 2377 1446 dieti
2395 1407 2490 1446 Mo·

1415 1468 1583 1513 nasterii
1597 1467 1755 1511 eisdem
1771 1464 2011 1511 Confeffori
2026 1494 2040 1517 ,
2064 1467 2101 1507 δι
2118 1463 2288 1507 Medico
2299 1459 2488 1511 assistant,

1417 1527 1582 1583 ingredi
1598 1542 1613 1579 3
1642 1526 1824 1584 ipsasque
1839 1527 2016 1570 Mariam
2031 1521 2283 1567 Abbatiffam
2300 1551 2314 1574 ‚
2339 1524 2380 1563 &
2393 1524 2490 1564 Μο-

1418 1586 1549 1630 niales
1568 1614 1583 1638 ‚
1618 1599 1694 1628 nec
1716 1601 1798 1629 non
1828 1582 2090 1632 Conv'ersas,
2122 1585 2162 1627 &
2188 1583 2429 1625 servientes
2444 1580 2488 1622 in

1415 1645 1567 1688 eodem
1599 1644 1851 1688 Monasterio
1882 1644 1934 1686 ad
1966 1644 2130 1686 libitum
2161 1639 2406 1689 Abbatiffae,
2446 1641 2488 1681 δε

1415 1707 1666 1747 Conventus
1683 1703 1968 1757 praedictarum
1982 1699 2214 1758 eligendas,
2228 1700 2279 1742 ab
2293 1698 2488 1743 omnibus

1417 1777 1559 1808 earum
1575 1760 1740 1803 delictis
1766 1764 1806 1805 in
1827 1762 1989 1819 lingulis
2017 1760 2201 1812 casibus,
2227 1760 2351 1801 etiarn
2370 1755 2488 1819 Epis-

1418 1821 1671 1879 copalibus,
1702 1822 1744 1863 δι
1776 1821 1874 1865 Sedi
1907 1820 2178 1875 Apostolicae,
2209 1827 2486 1874 praeterquam

1419 1881 1460 1924 in
1483 1879 1619 1925 literis
1650 1881 1690 1923 in
1715 1879 1789 1935 die
1819 1883 1968 1923 Coenae
2003 1879 2168 1920 Domini
2195 1877 2277 1932 legi
2312 1878 2489 1920 consue-

1419 1941 1503 1989 tis,
1529 1940 1737 1983 contentis
1764 1938 1876 1981 idem
1909 1936 2124 1982 Confeffor
2157 1935 2373 1979 absolvere
2392 1964 2408 1987 ,
2439 1949 2487 1978 ac

1418 2001 1477 2043 eis
1500 2014 1575 2056 pro
1602 1999 1895 2055 mod-ooculpae-
1915 1995 2206 2054 poenitentiam
2235 1993 2489 2040 salutarem„

1421 2059 1666 2116 injungere3
1699 2058 1774 2101 ne'c
1801 2061 1884 2101 nori
1916 2056 2142 2114 plenariam
2175 2055 2361 2097 omnium
2390 2059 2491 2110 pec-¹

1420 2131 1608 2162 catorum
1636 2117 1798 2160 suorum
1822 2116 2098 2162 remissionem
2119 2117 2158 2157 in
2186 2113 2317 2157 forma
2333 2112 2495 2156 Eccle-

1422 2178 1480 2222 siae
1505 2178 1694 2221 consueta
1719 2176 1844 2220 semel
1875 2177 1917 2219 in
1957 2176 2068 2224 vita,
2102 2176 2140 2217 δε
2164 2174 2306 2216 mortis
2330 2173 2489 2216 articus

1419 2238 1491 2290 10,
1522 2236 1759 2292 Apostolica
1775 2237 2031 2280 authoritate
2057 2234 2243 2290 praedit‘ta
2270 2233 2496 2288 impende-v

1418 2312 1467 2341 re
1495 2296 1612 2354 poffit
1630 2325 1645 2349 ,
1676 2296 1869 2352 plenam,
1901 2298 1942 2337 &
1969 2295 2145 2337 liberam
2163 2321 2178 2345 ,
2209 2292 2484 2344 authoritate,

1417 2358 1459 2398 δι
1490 2367 1635 2400 tenore
1669 2354 1869 2411 praedifitis
1903 2349 2147 2398 facultatem
2180 2351 2483 2402 concedimus,

1419 2419 1461 2458 ἃ.
1486 2416 1642 2472 pariter
1673 2413 1964 2472 indulgemus3
1997 2426 2044 2456 ac
2074 2413 2210 2455 eidem
2232 2410 2485 2453 Monasterio

1419 2490 1496 2533 pro
1521 2474 1633 2517 illius
1661 2473 1763 2516 dote
1792 2476 1895 2516 bona
1930 2472 1991 2515 illi
2020 2469 2254 2528 eroganda,
2286 2471 2323 2511 &
2355 2469 2487 2511 relin-

1419 2533 1581 2591 quenda
1599 2535 1807 2591 perpetuo
1823 2533 2145 2589 applicamus‚&
2159 2529 2485 2593 appropria-mus3

1419 2597 1461 2636 δι
1491 2593 1755 2636 nihilominus
1780 2591 2073 2636 Monasterium
2102 2585 2233 2646 ipsum
2250 2614 2265 2636 ,
2297 2602 2343 2630 ac
2369 2587 2491 2630 illius

1420 2654 1524 2697 bona
1543 2668 1618 2709 pro
1633 2662 1821 2707 tempore
1842 2650 2054 2694 existentia
2071 2680 2087 2701 ,
2108 2663 2182 2691 nec
2201 2661 2282 2689 non
2307 2647 2487 2691 Mariam

1417 2710 1696 2765 Abbatissam,
1727 2711 1960 2762 Moniales,
1988 2712 2030 2752 δι
2055 2707 2246 2766 personas
2271 2719 2347 2762 pro
2376 2716 2486 2748 tem-

1419 2786 1523 2828 pore
1551 2771 1773 2814 existentes
1802 2770 1853 2814 ab
1876 2769 1987 2812 omni
2013 2767 2321 2827 jurisdictione,
2347 2765 2489 2812 vilita-

1419 2832 1536 2873 tione
1551 2861 1564 2883 ,
1596 2830 1856 2873 correctione
1873 2858 1887 2881 ,
1914 2829 2100 2872 dominio
2117 2855 2132 2879 ,
2161 2829 2198 2870 &
2216 2825 2489 2880 superiorita-

1420 2901 1464 2933 te
1487 2890 1702 2933 Ordinarii
1730 2890 1811 2932 loci
1826 2919 1842 2940 ,
1866 2902 1913 2930 ac
1930 2887 2015 2943 ejus
2034 2888 2294 2930 Vicariorum
2312 2914 2326 2936 ,
2357 2882 2495 2926 &of-‚

1418 2949 1620 2994 ficialium
1636 2979 1649 3002 ,
1671 2951 1709 2992 &
1726 2960 2079 3006 quorumcumque
2094 2947 2266 2990 aliorum
2285 2943 2486 2998 Superio-

1418 3023 1608 3065 rum,pro
1621 3020 1809 3064 tempore
1823 3004 2363 3054 existentium,authoritate
2379 3016 2483 3058 prae-

1417 3066 1556 3117 dista,
1586 3068 1825 3111 earumdem
1843 3077 1989 3108 tenore
2011 3062 2266 3120 praesentium
2294 3062 2481 3117 penitus,

1417 3130 1459 3171 δι
1485 3128 1656 3169 omnino
1679 3125 1893 3168 eximimus
1909 3155 1923 3176 ,
1946 3126 1987 3166 ὃς
2012 3124 2205 3165 totaliter
2232 3122 2480 3172 liberamus,

1419 3202 1467 3230 ac
1495 3185 1565 3228 sub
1597 3185 1714 3228 Beati
1743 3185 1887 3236 Petri,
1915 3187 1956 3227 ἃ,
1987 3182 2107 3227 Sedis
2139 3182 2363 3238 praedictae,
2399 3194 2479 3223 nec

1420 3261 1502 3290 non
1532 3245 1681 3289 Nostra
1709 3245 1969 3301 proteffione
1995 3242 2228 3297 suscipimus
2247 3270 2261 3292 ,
2293 3240 2484 3296 illaque,

1417 3306 1562 3348 &illas
1581 3303 1741 3353 Nobis,
1763 3305 1801 3345 &
1818 3303 1911 3347 Sedi
1928 3302 2124 3360 praedietae
2147 3298 2382 3347 immediate
2412 3297 2480 3341 su-

1418 3365 1634 3414 biicimus,
1658 3363 1715 3406 ita
1748 3361 1861 3418 quod
1890 3362 2138 3406 Ordinarius
2165 3361 2248 3404 loci
2266 3388 2281 3412 ,
2311 3357 2377 3402 seu
2393 3357 2481 3411 ejus

1419 3424 1575 3467 Vicarii
1589 3449 1603 3472 ,
1619 3423 1687 3465 vel
1701 3422 1912 3465 Officiales
1928 3450 1943 3473 ,
1955 3432 2022 3464 aut
2042 3421 2291 3477 quicumque
2307 3416 2374 3458 alii
2393 3419 2476 3459 Su-

1418 3485 1600 3542 periores
1619 3481 1857 3538 praesentes,
1877 3482 1943 3523 vel
1965 3480 2091 3524 futuri
2107 3480 2147 3522 in
2164 3475 2478 3525 Monasserium,

1424 3545 1529 3586 bona
1545 3570 1560 3594 ,
1587 3542 1760 3584 Mariam
1776 3540 2024 3585 Abbatissam
2039 3568 2054 3590 ,
2073 3536 2275 3581 Moniales
2289 3562 2303 3585 ,
2322 3535 2362 3575 δε
2379 3548 2478 3590 per-

1423 3602 1540 3645 sonas
1574 3600 1802 3656 hujusmodi
1826 3601 1999 3657 aliquam
2021 3595 2347 3661 jurisdifitioncm
2365 3621 2379 3644 ,
2411 3591 2478 3660 suf

1425 3662 1715 3718 perioritatem
1734 3688 1748 3710 ,
1781 3660 2104 3707 authoritatem,
2134 3655 2393 3719 dominium,
2415 3666 2479 3694 vi-

1422 3721 1653 3764 sitationem
1669 3748 1683 3770 ‚
1709 3729 1777 3761 aut
1806 3717 2130 3766 correctionem,
2154 3715 2282 3757 etiam
2313 3722 2478 3754 ratione

1420 3780 1592 3830 delicti,
1617 3779 1685 3820 vel
1702 3776 1955 3827 contra6tfis,
1988 3777 2054 3818 seu
2078 3773 2138 3818 rei
2156 3799 2172 3822 a
2202 3773 2258 3816 de
2286 3784 2362 3827 qua
2379 3783 2478 3824 age-

1420 3851 1537 3886 retur
1549 3866 1565 3894 ,
1576 3837 1827 3898 ubicumque
1841 3836 2127 3895 committatur
2141 3832 2338 3877 delictum
2350 3857 2365 3881 ,
2386 3829 2478 3871 ine·-

1423 3896 1435 3899 “
1461 3924 1466 3929 ·
1577 3897 1603 3901 ’”
1653 3895 1655 3897 ’
1867 3895 1871 3897 ’
1893 3894 1931 3900 ””
2262 3898 2418 3940 antur,
