2664 4114
977 165 1056 252 s,
1100 160 1510 287 Augen.

413 288 455 326 D
517 286 550 328 Ε
611 286 649 326 C
708 283 749 326 R
809 283 844 324 E
902 277 939 318 T
998 282 1037 322 O

326 401 419 454 Sar.
453 402 695 473 Congregat.
735 400 867 470 Ept'fi.
901 398 955 448 ὑ·
987 397 1145 467 Regul.

222 533 401 586 Ereffio
451 550 575 585 novae
616 529 794 583 Dornfis
838 530 882 578 in
918 532 1043 578 Loco
1081 530 1249 598 Gugli-

287 606 404 657 mari
421 602 806 665 ‚contradictione
838 603 942 649 RR.
965 603 1050 650 ΡΡ.
1080 599 1245 649 Obser-

290 677 500 727 vantium
542 671 915 724 Reformatorum
947 688 1037 721 non
1070 671 1243 721 obstan-

289 761 333 797 te
347 781 365 805 ,
394 744 681 796 conceditur.

284 872 542 932 Illustrisiimt'
565 885 610 914 ac
636 868 945 929 Reverendifflmi
970 867 1156 913 Domini.

343 994 411 1036 Ux
438 989 620 1034 Celeniae
652 993 780 1034 Sacrae
807 987 1133 1046 Congregationi
1164 985 1237 1026 hu-

379 1049 531 1092 militer
555 1050 717 1105 exponit
740 1078 754 1101 ,
785 1048 892 1104 quod
918 1063 992 1105 pro
1019 1047 1082 1089 sua
1109 1046 1237 1110 devo-

207 1109 319 1151 tione
347 1113 608 1152 Conventum
639 1109 677 1149 &
706 1108 924 1149 Ecclesiam
956 1109 1034 1149 ΡΡ.
1058 1109 1236 1158 Capuci-

210 1180 352 1209 norum
366 1167 403 1209 in
425 1170 552 1210 Terra
570 1166 798 1220 Guglimari
815 1193 827 1216 ,
851 1164 919 1206 suo
937 1164 1099 1214 Feudo,
1117 1164 1228 1204 Dioe-

205 1224 303 1268 cefis
338 1224 605 1267 Termolenfis
644 1222 840 1266 aedificare
873 1223 1086 1273 intendat,
1116 1223 1156 1261 &
1185 1223 1235 1262 ab

203 1283 453 1333 ordinario,
486 1283 553 1338 qui
582 1294 632 1323 ex
665 1282 855 1322 mandato
880 1310 894 1333 ,
924 1285 946 1325 a
981 1285 1020 1324 S.
1045 1284 1234 1334 Congre-

201 1340 365 1395 gatione
395 1341 559 1387 habito,
576 1339 629 1382 de
657 1340 884 1396 capacitate
910 1342 950 1381 &
966 1340 1232 1382 commodita-

201 1407 246 1441 te
273 1401 409 1441 Terrae
452 1398 671 1442 relativam
712 1398 931 1441 transmisit
973 1396 1230 1441 informatio-

197 1470 320 1510 nem,
346 1457 579 1500 consensum
606 1458 785 1509 habeat3
818 1473 992 1514 cumque
1013 1458 1123 1514 juxta
1150 1460 1232 1499 De·-

197 1528 339 1565 crem,
370 1515 468 1559 alias
497 1516 545 1557 ab
579 1516 657 1570 ipsa
685 1518 758 1558 hac
784 1521 823 1559 S.
857 1518 1228 1573 Congregatione.)

197 1584 410 1626 emanata,
439 1571 668 1617 consensum
695 1589 855 1631 quoque
879 1577 1027 1624 Cleri,
1056 1576 1228 1629 Populi,

191 1635 276 1676 ,ΡΡ.
307 1633 642 1686 Caelestinorum‚
674 1630 1054 1686 conventualium,
1083 1635 1123 1674 δε
1151 1637 1223 1676 Pa-

195 1702 303 1734 rrum
321 1693 522 1735 Minorum
540 1691 848 1734 Observantium
866 1690 1220 1742 Reformatorum‚

195 1750 263 1806 qui
289 1749 342 1792 ibi
373 1752 558 1804 degunt,
590 1750 843 1807 requifiverit
867 1782 879 1805 ,
914 1765 1052 1794 omnes
1077 1751 1219 1802 illum,

192 1810 379 1864 exceptis
394 1813 473 1853 ΡΡ.
490 1808 804 1852 observantibus
823 1810 1068 1855 Reformatis
1081 1838 1098 1860 ,
1122 1822 1219 1866 prae-

195 1868 370 1913 stiterInt
386 1897 400 1919 ‚
425 1866 553 1909 Illffiis
578 1870 673 1908 DD.
691 1869 782 1909 VV.
807 1868 1003 1924 supplicat
1029 1883 1104 1922 pro
1127 1882 1220 1922 gra-

192 1927 250 1967 tia
277 1927 315 1966 &
338 1924 533 1967 facultate
557 1924 703 1966 dietum
720 1928 980 1968 Conventum
995 1954 1010 1975 ‚
1046 1928 1119 1966 ΡΡ.
1136 1926 1219 1965 Ob-

188 1981 433 2027 servantium
451 1982 783 2025 Reformatorum
798 1984 966 2028 diffensu
983 1998 1062 2026 non
1080 1993 1216 2035 atteng

183 2050 259 2094 30,
287 2041 497 2097 erigendi.
529 2045 662 2100 Qam
684 2043 762 2085 &c-

245 2165 369 2204 Sacra
385 2163 640 2217 congregatio
663 2162 937 2207 cardinalium
964 2161 1124 2219 negotiis
1143 2165 1214 2205 Rea

177 2218 382 2275 {utorium
401 2221 608 2280 praepofita
624 2250 639 2272 ‚
671 2228 836 2265 attentis
863 2226 1040 2265 narratis
1066 2225 1214 2278 censuit

176 2279 350 2333 petitam
371 2278 423 2318 ab
450 2282 615 2321 Oratore
627 2276 868 2335 facultatem
893 2280 1118 2336 fundandi,
1148 2290 1213 2322 at-

184 2349 259 2391 que
284 2335 457 2390 erigendi
485 2341 720 2380 Conventum
749 2332 908 2380 Ordinis
933 2342 1119 2392 Capucin.
1143 2338 1213 2394 effi·

185 2394 454 2436 concedendam
468 2423 482 2446 ,
505 2404 630 2451 prout
647 2396 852 2453 praest’ntis
877 2400 1035 2438 Decrett‘
1061 2401 1212 2438 virtute

184 2453 352 2495 concedit
377 2481 391 2504 ‚
430 2465 505 2494 non
531 2453 702 2510 obstante
729 2455 1032 2498 contradit-mne
1054 2466 1210 2509 praeno-

182 2514 420 2553 minutorum
447 2513 642 2554 Fratrum
680 2516 720 2554 S.
750 2513 954 2572 Francisci
987 2514 1208 2555 strimaris

188 2569 453 2627 obstrvantiae
474 2598 489 2622 ,
520 2570 717 2613 dummodo
747 2575 789 2614 in
826 2575 990 2627 reliquis
1016 2572 1208 2628 sbrvetur

170 2627 313 2687 forma
342 2633 601 2672 Decretorum
635 2632 746 2672 SSn'ti
771 2635 824 2673 D.
847 2635 899 2675 N.
915 2662 931 2683 ,
960 2632 1008 2678 θ’
1025 2629 1104 2687 fel.
1129 2645 1206 2672 rec.

184 2688 297 2730 Clem.
332 2689 460 2739 V111.,
486 2699 531 2728 ac
553 2691 736 2742 Gregorii
762 2692 841 2733 XV.
868 2692 996 2747 fhper
1022 2702 1206 2731 novorum

183 2749 451 2787 conventuum
485 2745 675 2794 ereffione
710 2748 902 2794 editorum
923 2778 935 2790 .
977 2751 1110 2792 Roma·
1137 2747 1203 2789 26.

180 2803 286 2846 Maii
319 2805 441 2845 1628.

249 2912 327 2961 Fr.
345 2910 556 2978 Antonius
581 2912 708 2962 Card.
735 2913 782 2963 S.
798 2914 1036 2982 Honuphrii
1048 2949 1061 2963 .

642 3043 684 3083 P.
704 3044 914 3098 Fagnanus
941 3049 1087 3087 secret.

240 3156 449 3209 Exemplar
475 3158 771 3214 Autograpbum
801 3163 843 3203 in
868 3162 988 3204 Arch.
1017 3161 1204 3203 Generali

298 3214 452 3258 Ordinis
469 3217 654 3261 Armario
669 3219 880 3275 Provincia
906 3223 947 3263 S.
961 3219 1110 3275 Angeli
1123 3245 1137 3260 .

2120 202 2273 285 103

1574 280 2088 330 EPISTOLA.

1454 401 1503 451 S.
1534 400 1732 471 Congreg.
1758 402 1839 470 Ept
1858 423 1893 453 c.
1908 436 1926 462 ,
1956 409 2010 453 ἐξ
2040 404 2197 473 Regul.

1309 540 1576 593 Prosecutio
1606 544 1803 595 Fabricae
1832 563 1959 597 novae
1976 544 2156 596 Domfis
2188 548 2232 595 in
2250 550 2336 600 Lo-

1376 630 1432 661 co
1465 613 1709 681 Vestarum
1731 616 1957 686 Episcopo
1995 617 2058 668 ibi
2085 622 2336 678 committi-g

1371 696 1448 732 tur
1465 716 1478 732 ι
2335 711 2338 716 ’

1444 806 1596 850 Rdinat
1620 813 1736 852 Sacra
1752 813 2033 869 Congregatio
2048 844 2063 866 ,
2083 825 2157 871 ut,
2182 820 2332 864 consti-

1457 867 1500 909 ῑό
1525 870 1694 923 Amplit.
1717 871 1839 919 Tuae,
1863 874 1975 926 quod
2010 875 2172 919 Fratres
2190 883 2330 937 Capu-

1300 938 1379 964 cini
1408 926 1640 968 consensum
1665 928 1852 983 erigendi
1880 930 1932 971 ibi
1952 943 2101 974 novum
2126 934 2195 977 suae
2214 926 2330 981 Reli-¹

1298 983 1427 1035 gionis
1455 988 1720 1028 Conventum
1742 1016 1758 1037 ‚
1796 988 1820 1029 a
1859 989 1902 1030 P.
1935 988 2330 1041 vicario-Generali

1299 1042 1539 1097 Apostolico
1567 1046 1751 1087 Fratrum
1784 1046 2132 1092 Conventualium
2162 1055 2329 1108 acquili-

1301 1102 1463 1154 verint,
1492 1105 1737 1157 provideat,
1766 1107 1965 1158 quatenus
1991 1104 2119 1150 libere
2144 1111 2326 1161 dictam...

1296 1161 1546 1202 erefflonem
1559 1191 1575 1213 ‚
1600 1163 1632 1202 Sc
1654 1163 1848 1204 fabricam
1867 1165 1962 1207 novi
1979 1168 2216 1211 Conventus
2232 1187 2327 1226 pro-

1292 1214 1615 1274 sequantur,non
1632 1221 1944 1277 obstante2quod
1964 1224 2041 1264 FF.
2057 1224 2328 1274 Conventua-'

1293 1277 1356 1319 les
1384 1279 1481 1322 Loci
1509 1281 1818 1328 contradicant,
1849 1283 1888 1323 δι
1913 1281 2135 1326 dummodo
2153 1277 2329 1345 Amplitj

1296 1338 1383 1380 Tua
1408 1339 1505 1381 nihil
1525 1338 1714 1382 relevans
1741 1342 1779 1381 in
1796 1342 2049 1384 contrarium
2071 1344 2216 1388 habeat
2233 1376 2247 1399 ,
2278 1364 2324 1392 ac

1292 1395 1345 1438 de
1369 1409 1534 1440 coetero
1555 1396 1683 1440 forma
1699 1398 2051 1442 Constitutionum
2065 1432 2080 1452 ,
2106 1404 2146 1444 &
2165 1408 2324 1449 Decre-

1292 1463 1377 1496 tum
1396 1457 1673 1512 Apostolicum
1690 1457 1742 1500 de
1757 1460 1965 1500 erectione
1987 1473 2189 1503 novorum
2206 1467 2322 1508 Con-

1293 1525 1485 1557 ventuum
1517 1516 1788 1571 Regularium
1817 1516 2070 1571 publicatum
2098 1521 2322 1566 observem

1290 1584 1378 1614 tur.
1404 1573 1616 1615 Incumbet
1630 1578 1687 1617 ita
1703 1576 1876 1629 Amplit.
1896 1578 1990 1617 Tuae
2012 1578 2157 1619 horum
2172 1594 2319 1629 execu..

1288 1632 1440 1674 tionem
1465 1645 1609 1674 curare
1623 1634 1702 1675 ἃς.
1740 1645 1802 1683 17.
1819 1632 1938 1675 Febr.
1959 1635 2082 1690 1634.
2314 1637 2316 1639 ’

1339 1752 1507 1865 Exfleg.
1522 1752 1666 1793 secret.
1688 1753 1832 1808 Congr.
1850 1755 1973 1812 menss
1983 1782 1998 1808 ,
2015 1754 2069 1806 ὠ·
2082 1757 2313 1817 annipraed.

1419 1823 1438 1850 o
1456 1837 1467 1849 .
1482 1821 1552 1860 77.

1921 1955 1951 1968 -Ι
2071 1935 2075 1941 ,

1475 2058 1517 2099 D
1577 2060 1612 2101 E
1673 2061 1711 2101 C
1770 2061 1811 2103 R
1871 2059 1907 2101 Ε
1969 2062 2006 2103 Τ
2063 2063 2116 2104 O.

1424 2173 1468 2226 S.
1502 2177 1704 2247 Congreg.
1733 2177 1870 2246 Epfi.
1888 2211 1904 2238 ,
1930 2186 1984 2230 ἅθ’
2011 2180 2168 2252 Regul.

1273 2304 1921 2373 RuderaCapellaeS.Antonii
1937 2310 1984 2361 in
2000 2310 2162 2360 eodem
2182 2314 2306 2373 loco,

1341 2376 1590 2443 antiquitus
1607 2378 1664 2425 ad
1684 2378 1933 2429 Ecclefiam
1957 2384 2060 2431 RR.
2078 2384 2163 2432 ΡΡ.
2181 2387 2303 2434 Con-

1340 2447 1624 2496 ventualium
1675 2445 1913 2513 spectantis
1956 2451 2188 2502 Fratribus
2216 2471 2301 2518 pro

1337 2533 1459 2564 nova
1478 2512 1684 2564 Ecclefiae
1715 2513 1885 2566 fabrica
1915 2521 2100 2569 concedi
2120 2557 2135 2578 ,
2173 2521 2220 2571 ἃ
2254 2525 2299 2570 in

1337 2586 1418 2634 hac
1436 2585 1674 2652 Capellam
1694 2582 1772 2634 sub
1791 2588 2084 2638 'invocatione
2101 2590 2299 2652 ejusdem

1335 2655 1585 2706 S.Antonii
1599 2656 1644 2703 in
1661 2658 2023 2725 recognitionem
2040 2662 2152 2729 erigi
2172 2678 2296 2712 com-

1335 2730 1538 2778 mittitur
1550 2759 1566 2776 .

1321 2854 1584 2913 Illustriss'ime
1596 2880 1610 2903 2
1634 2867 1680 2895 ac
1695 2857 2022 2917 Reverendissime
2033 2860 2201 2902 Domine
2214 2863 2230 2901 .‘

1333 2983 1372 3024 N
1388 2982 1567 3027 Civitate
1583 2983 1809 3034 Vestarum,
1831 2988 2052 3030 Provinciae
2066 2989 2290 3042 S.Angeli3

1350 3039 1521 3085 aTurcis
1535 3043 1592 3084 ita
1610 3043 1827 3086 destructus
1846 3043 1920 3087 fuit
1938 3048 2288 3089 PP.Conventua-

1261 3097 1361 3140 lium
1377 3102 1615 3145 Conventus
1629 3130 1643 3153 ‚
1672 3110 1716 3142 ut
1745 3104 1891 3144 nonnifi
1910 3102 2079 3159 Capella
2108 3103 2284 3158 glorioso

1262 3159 1492 3202 S.Antonio
1508 3164 1626 3204 Sacra
1642 3159 1835 3214 superstes
1850 3160 2054 3213 mansei-in
2070 3160 2177 3209 hinc,
2192 3178 2284 3206 cum

1260 3213 1405 3257 dictam
1419 3218 1629 3274 Capellam
1644 3217 1822 3270 destrui,
1844 3221 1883 3259 &
1899 3219 1946 3260 ad
1964 3217 2182 3262 Ecclesiam
2200 3225 2281 3264 Ca·-

1257 3275 1500 3328 pucinorum
1521 3276 1783 3331 transportari
1799 3305 1813 3328 ,
1827 3277 1980 3319 Illustr·
1996 3279 2046 3319 D.
2065 3279 2280 3336 Episcopus

1257 3332 1451 3385 expedire
1464 3333 1726 3389 judicaverit,
1739 3344 1938 3391 quatenus
1953 3336 2166 3391 praedieus
2181 3342 2277 3381 San·-

1256 3393 1366 3437 t‘tus,
1395 3405 1512 3446 quem
1543 3391 1703 3446 praefata
1717 3394 1874 3436 Civitas
1899 3396 2058 3450 speciali
2081 3395 2277 3439 devotio-

1254 3462 1306 3489 ne
1322 3447 1448 3500 colit,
1474 3451 1625 3507 majore
1645 3451 1794 3502 decore
1809 3453 2032 3497 honoretur
2046 3481 2059 3502 ‚
2083 3456 2122 3496 δε
2139 3456 2279 3500 habito

1253 3505 1424 3560 desuper
1450 3511 1754 3563 Capucinorum
1784 3513 1970 3554 consensu
1990 3542 2003 3563 ‚
2034 3511 2275 3567 specialibus

1196 3572 1198 3574 ’
1252 3562 1328 3605 suis
1354 3565 1502 3607 litteris
1529 3567 1598 3610 sub
1620 3580 1678 3617 ¹5·
1697 3573 1811 3624 Sept.
1835 3570 1937 3614 datis
1967 3574 2130 3614 Sacram
2165 3576 2277 3616 Con-

1253 3624 1532 3677 gregationem
1561 3626 1785 3669 reddiderit
1819 3629 2045 3673 instructam
2067 3659 2081 3682 ,
2119 3645 2164 3673 ac
2196 3646 2275 3686 pro

1250 3681 1418 3733 gratiosa
1435 3681 1628 3727 facultate
1644 3684 1955 3740 supplicaverit,
1973 3692 2067 3731 Haec
2088 3703 2163 3745 pro
2178 3690 2273 3731 soli-

1250 3736 1291 3779 ta
1305 3740 1552 3795 benignitate
1569 3772 1583 3796 ‚
1610 3745 1817 3798 negotium
1834 3747 2005 3791 arbitrio
2022 3747 2267 3846 [imin-entis:

2141 3819 2208 3846 lml
