2618 4108
941 242 1590 345 Tridentina.

185 378 228 422 ct
240 373 454 434 perpetuo
470 372 611 429 firma,
641 371 805 426 valida,
826 373 867 417 δι
880 370 1062 416 efficacia
1079 373 1227 416 existe·

187 450 268 488 re,
300 437 342 477 δι
362 427 454 477 fore
473 463 489 486 ,
527 433 695 491 sucique
720 433 952 490 plenarios,
976 432 1016 474 δι
1042 434 1223 488 integros

185 493 351 540 effectus
366 494 496 536 sortiri
513 522 529 547 ,
543 494 584 536 δι
597 496 790 536 obtinere
804 492 961 538 debere
974 520 991 542 ,
1016 492 1056 538 ὃς
1068 494 1120 537 ab
1137 506 1226 533 oni-

184 554 308 600 nibus
332 582 348 607 ,
386 553 436 598 ad
465 566 566 610 quos
594 551 744 609 spectat
773 578 788 604 2
824 551 866 595 δι
890 563 967 605 pro
993 561 1223 608 ternpore)

184 611 528 671 quandocumque
545 610 759 669 spectabit,
771 609 1088 663 inviolabiliter,
1108 611 1149 652 δι
1162 612 1223 652 in-

182 670 381 715 concusse
405 670 643 715 observari.
673 669 853 724 sicque,
877 669 1014 711 &non
1030 670 1155 712 aliter
1181 669 1223 712 in

183 730 386 787 proemiffis
401 744 475 787 per
487 731 764 788 quoscumque
776 726 942 784 Judices
957 726 1192 773 ordinarios
1203 757 1218 780 ‚

181 791 221 833 &
236 789 456 846 delegatos
470 816 486 841 ,
500 790 623 831 etiam
638 783 864 830 Causarum
883 787 1027 829 Palatii
1043 787 1216 844 Aposto-

181 849 253 892 lici
269 848 524 898 Auditores‚
539 845 581 888 δι
603 847 645 888 S.
663 847 713 888 R.
734 846 781 887 Ε.
807 845 1001 902 ρτεάὶέὶπ
1016 845 1219 890 Cardina-

181 907 264 961 les,
283 908 413 955 etiam
429 904 486 948 de
501 902 633 949 latere
651 907 829 961 Legatos
844 931 860 954 ‚
884 907 923 948 δι
935 905 1052 963 hujus
1065 910 1115 950 Sa
1123 907 1219 946 ncta:

182 965 302 1011 Sedis
333 961 514 1009 Nuntios
530 992 543 1016 ,
566 977 643 1007 nec
667 976 750 1009 non
775 964 1049 1021 quascumque
1065 977 1217 1006 eorun-

179 1026 277 1068 dem
290 1023 575 1069 Cardinalium
593 1024 950 1079 congregationes
964 1052 980 1074 ,
1002 1025 1043 1065 &
1057 1021 1216 1079 quosvis

182 1085 283 1133 alios
297 1110 313 1134 2
334 1082 515 1141 qualibet
532 1083 776 1127 austeritate
793 1111 805 1134 ,
833 1083 1132 1138 praeeminentia
1147 1108 1163 1138 2
1178 1081 1219 1122 δι

178 1143 386 1202 potestate
400 1140 624 1198 fungentes
635 1168 651 1192 ,
679 1141 722 1183 δι
733 1139 936 1183 functurus
949 1168 964 1190 ‚
980 1139 1138 1183 sublata
1155 1140 1216 1182 eis

179 1205 223 1246 &
244 1214 389 1248 eorum
410 1200 584 1245 cuilibet
605 1200 745 1256 quavis
772 1197 1119 1255 aliterjudicandi
1133 1226 1149 1249 ‚
1178 1200 1220 1239 &

179 1257 484 1317 interpretandi
508 1255 707 1301 facultate
734 1258 1042 1300 &sueini-itate
1065 1285 1080 1309 ,
1106 1255 1218 1313 judi-

181 1321 266 1364 cari
281 1347 297 1372 ‚
319 1320 358 1361 &
371 1315 535 1360 diffiniri
552 1316 710 1360 debere
722 1344 737 1368 ,
750 1315 999 1359 ac'irrritum
1012 1317 1053 1358 &
1068 1318 1187 1359 inane
1199 1344 1216 1368 ‚

181 1378 211 1423 fi
224 1376 338 1422 secus
353 1376 475 1433 super
489 1376 551 1418 his
572 1377 596 1419 a
614 1387 820 1432 quoquam
847 1375 988 1431 quavis
1004 1375 1217 1419 auctorita·

180 1449 228 1481 te
254 1433 512 1480 scienterve!
531 1434 764 1490 ignoranter
785 1435 1013 1490 contigerit
1036 1444 1217 1478 attenta·

179 1497 217 1540 ri
229 1525 243 1539 .
257 1499 353 1540 Non
367 1492 617 1538 obstantibus
634 1491 836 1549 praemiffis
848 1521 863 1544 ,
878 1507 925 1535 ac
940 1494 1215 1540 Constitutio-

181 1554 301 1599 nibus
317 1583 332 1608 ,
353 1555 394 1598 &
406 1551 748 1596 ordinationibus
765 1551 1027 1608 Apostolicis‚
1040 1568 1106 1599 ac,
1119 1568 1219 1610 qua-

182 1625 308 1658 tenus
322 1626 423 1669 opus
441 1610 511 1664 fit,
526 1610 807 1668 praedirfftorum
825 1609 1029 1655 Ordinum
1043 1639 1058 1661 ‚
1074 1614 1110 1654 &
1127 1614 1220 1656 illo-

181 1686 274 1718 rum
308 1670 648 1722 Provinciamm‚
671 1668 819 1714 aliisve
841 1669 1046 1726 quibusvis
1059 1673 1216 1723 ‚etiam

182 1732 432 1792 juramento,
444 1729 1027 1784 confirmationeApostolica,
1040 1732 1106 1777 vel
1121 1745 1218 1788 qua.

183 1792 248 1835 vis
274 1789 470 1834 firmitate
493 1788 574 1832 alia
590 1789 794 1832 roboratis
811 1789 984 1832 statutis
1005 1820 1022 1842 ,
1048 1791 1088 1832 &
1103 1795 1219 1833 Con·

183 1849 466 1894 suetudinibus
481 1876 498 1900 ,
527 1848 751 1906 privilegiis
772 1861 935 1904 quoque
955 1849 1149 1902 indultis,
1179 1850 1221 1891 δι

186 1909 365 1955 Litteris
390 1907 635 1963 Apostolicis
662 1907 702 1948 in
724 1907 980 1950 contrarium
1005 1903 1218 1965 praemiffo·

183 1982 275 2012 rum
293 1965 607 2024 quomodolibet
620 1964 840 2017 conceffis,
867 1966 1121 2011 confirmatis
1144 1995 1159 2018 ,
1178 1969 1221 2012 86

187 2028 417 2071 innovatis.
448 2026 607 2082 Qibus
634 2024 875 2066 omnibus&
902 2025 1091 2080 singulis,
1123 2026 1220 2067 illo·

186 2100 277 2131 rum
306 2095 474 2128 tenores
501 2082 761 2140 presentibus
791 2096 868 2139 pro
895 2084 1019 2140 plene
1044 2086 1086 2127 δι
1111 2082 1217 2126 suffi-

185 2147 350 2189 cienter
372 2141 562 2199 expreffis
584 2169 601 2194 ,
630 2155 679 2184 ac
704 2140 759 2184 de
786 2142 914 2185 verbo
939 2142 989 2186 ad
1013 2145 1216 2188 verbum..

187 2203 351 2248 insertis
387 2201 585 2244 habentes
605 2228 621 2252 ,
650 2199 730 2241 illis
764 2198 863 2243 alias
888 2202 931 2242 in
963 2199 1036 2245 suo
1067 2204 1216 2246 robore

189 2258 458 2320 permansuris
471 2259 545 2308 ‚ad
569 2255 851 2314 praemifforum
864 2259 1051 2303 effectum
1066 2262 1141 2304 hac
1158 2262 1219 2304 vi-

189 2333 241 2364 ce
266 2319 484 2362 dumtaxat
499 2346 515 2369 ‚
542 2315 805 2373 specialiter,
827 2319 867 2360 &
887 2317 1076 2375 expresse
1099 2319 1222 2362 dero-

190 2392 333 2437 gamus
346 2407 363 2430 ,
390 2374 626 2433 ceterisque
640 2375 857 2418 contrariis
877 2378 1193 2434 quibuscumque
1206 2407 1220 2422 .

252 2441 409 2481 Datum
425 2437 564 2479 Romae
582 2432 689 2488 apud
703 2437 886 2480 sanctam
903 2438 1073 2480 Mariam
1090 2437 1222 2492 Majo-

191 2511 283 2541 rem
310 2495 378 2538 sub
396 2494 562 2538 Annulo
578 2493 796 2536 Piscatoris
819 2494 887 2538 die
909 2509 1010 2538 xxii
1025 2497 1223 2551 1.Janua·

193 2557 245 2601 rii
262 2550 776 2599 moccxtiv.Pontificatus
789 2553 915 2598 nostri
927 2558 1048 2598 Anno
1061 2566 1222 2611 quarto.

249 2679 377 2717 Breve
389 2669 621 2734 firmatum
643 2672 688 2713 in
715 2668 888 2715 Archiae
909 2671 1121 2733 Custodit.

430 2909 997 2953 RESCRIPTO.

497 3025 730 3098 Signatum
755 3027 919 3079 Gratiae
937 3064 951 3078 .

200 3162 415 3231 Aperitio
445 3159 538 3208 oris
563 3173 727 3209 contra
751 3156 1009 3227 praepositas
1035 3158 1230 3208 Litteras

271 3230 535 3283 Pontificias
553 3229 580 3276 ὲ
606 3233 716 3279 RR.
736 3232 825 3281 ΡΡ.
842 3227 1127 3280 Reformatis
1157 3247 1236 3299 pe·

272 3303 361 3355 tita
385 3303 479 3356 διε.
516 3300 746 3362 rejicitur.

397 3434 436 3476 T
471 3430 512 3473 R
542 3430 563 3470 1
594 3430 637 3471 D
666 3428 701 3470 E
735 3429 777 3471 N
808 3428 847 3471 T
876 3431 899 3473 1
931 3431 972 3475 N
1001 3431 1065 3474 As

498 3545 758 3614 ‘Beatiffi'me
788 3547 917 3599 Pater
931 3586 945 3602 .

311 3667 655 3715 Raetendentibus
677 3667 835 3711 duobus
858 3669 908 3712 ab
942 3670 1036 3712 hinc
1064 3667 1234 3712 circiter

327 3730 441 3773 annis
454 3730 532 3771 ΡΡ.
548 3728 788 3784 Capucinis,
804 3728 1006 3772 Custodiae
1021 3727 1231 3771 Tridenti-

207 3786 379 3839 nae‚sub
400 3787 530 3842 specie
546 3785 673 3830 futuri
700 3787 820 3838 boni,
847 3802 894 3829 ac
924 3788 1060 3830 Divini
1086 3788 1231 3830 Cultus

206 3847 451 3892 incrementi
467 3874 482 3897 ‚
495 3847 662 3905 aliquali
676 3848 827 3905 raptim
846 3849 885 3890 &
898 3848 1075 3892 ostiatim
1088 3860 1232 3903 repor-

322 3909 427 3951 Tom.
448 3908 526 3949 111.

1289 386 1379 419 tato
1400 375 1591 419 consensu
1607 402 1623 425 ‚
1651 373 1768 419 nullo
1795 377 1899 421 verb
1927 376 2232 420 interveniente
2249 382 2323 421 Be-

1284 434 1770 490 neplacitoApostolico‚
1796 437 1901 480 duos
1930 450 2056 479 novos
2082 441 2323 480 Conventus

1285 495 1541 550 contraJus‚
1574 492 1826 549 &justitiam
1853 495 2054 538 aedificare
2078 497 2117 538 in
2135 495 2324 550 alpcstri-

1285 550 1357 595 bus
1375 553 1496 595 Locis
1515 552 1683 594 Condlm'
1702 552 1815 595 Vallis
1833 556 1931 597 Boni
1944 585 1960 606 ‚
1992 556 2044 604 &⁶
2063 557 2212 598 Maleti
2234 556 2324 599 Val-

1282 611 1332 653 lis
1362 611 1460 653 Solis
1485 609 1666 664 ejusdem
1699 612 1954 655 Tridentinae
1981 615 2174 655 Dioecelis
2197 641 2212 664 ,
2244 610 2321 656 fuit

1283 669 1400 711 illico
1422 670 1444 711 ὁ
1467 669 1548 712 ΡΡ.
1566 667 1819 712 Reformatis
1847 675 1888 714 S.
1909 673 2051 727 vigilii
2077 674 2188 714 dic'tae
2215 676 2322 717 Pro-

1279 727 1439 779 vinciae,
1454 728 1556 771 S.V.
1571 729 1816 775 Oratoribus
1839 744 1978 773 coram
1988 731 2208 774 Ordinatio
2222 733 2322 774 Tri-

1276 786 1449 829 dentino
1477 787 1661 841 repetitis
1695 788 1853 831 vicibus
1892 790 2193 841 reclamatum,
2220 790 2320 843 sed,

1280 858 1373 887 cum
1390 843 1502 887 nulla
1521 857 1595 900 per
1609 844 1758 887 dictam
1775 847 1940 890 Curiam
1958 847 2242 903 Episcopalem
2259 850 2323 892 le-

1278 903 1380 959 galis
1397 932 1412 955 ,
1438 904 1479 947 &
1493 917 1676 958 congrua
1690 916 1912 959 caperetur
1929 905 2106 962 provifio
2119 934 2133 958 ,
2156 910 2196 948 δι
2210 910 2321 950 inte-

1279 963 1357 1004 rim
1383 961 1454 1004 dd.
1472 960 1654 1005 duorum
1684 977 1882 1007 novorum
1898 969 2196 1008 Conventuum
2225 980 2323 1009 ere-

1277 1022 1359 1062 ctio
1385 1031 1710 1076 promoveretur
1726 1050 1739 1074 ,
1770 1037 1852 1066 non
1890 1023 2115 1067 omiserunt
2139 1025 2218 1068 ΡΡ.
2235 1026 2322 1068 Re-

1278 1078 1665 1130 formati,0ratores
1681 1082 2088 1137 praedid‘ti,instantiiis
2104 1097 2321 1126 recurrere

1278 1137 1330 1180 ad
1355 1140 1542 1182 Sandiam
1561 1138 1712 1182 Sedem
1727 1170 1743 1192 ,
1770 1141 1837 1184 seu
1865 1141 1917 1183 ad
1947 1146 2114 1186 Sacram
2131 1146 2322 1196 Congre-

1278 1197 1489 1253 gationem
1508 1195 1806 1256 Episcoporum
1820 1228 1835 1252 ‚
1865 1201 1905 1242 &
1919 1200 2189 1256 Regularium
2204 1226 2219 1251 ,
2233 1214 2320 1256 quae

1279 1256 1679 1313 benignecommifit
1691 1258 1954 1315 Suffraganeo
1970 1260 2220 1302 Tridentino
2237 1288 2252 1311 ,
2275 1268 2321 1301 ut

1279 1316 1391 1359 circa
1420 1315 1601 1373 expolita
1636 1317 1756 1361 add.
1781 1318 2026 1362 Oratoribus
2052 1319 2322 1362 instructam

1279 1374 1478 1418 redderet
1515 1374 1668 1422 dictam
1707 1380 1873 1420 Sacram
1903 1380 2282 1435 Congregationem
2307 1405 2320 1418 .

1279 1433 1489 1477 Perventa
1506 1434 1673 1476 tandem
1700 1436 1920 1480 secundum
1935 1436 1997 1493 jus
2014 1466 2028 1489 .,
2053 1439 2091 1479 &
2114 1435 2320 1491 expolito-

1279 1501 1368 1536 rum
1382 1492 1576 1550 justitiam
1591 1495 1794 1538 relatione
1812 1509 1908 1539 mox
1926 1498 2020 1538 dit‘ti
2038 1494 2289 1550 Suffraganei
2302 1522 2319 1545 ‚

1280 1566 1360 1595 non
1386 1552 1595 1595 dubitavit
1625 1553 1729 1597 dieta
1757 1557 1880 1598 Sacra
1896 1555 2183 1611 congregatio
2199 1554 2319 1610 super

1279 1611 1521 1668 quibusdam
1538 1610 1817 1656 incidentibus
1839 1642 1854 1664 ,
1877 1614 2179 1670 quaestuationis
2203 1626 2322 1655 nem-

1279 1685 1360 1726 pe,
1385 1683 1431 1712 ac
1463 1670 1540 1712 lite
1571 1672 1780 1724 pendente
1801 1672 2054 1728 prosequutae
2082 1670 2321 1717 aedificatio-

1279 1729 1340 1772 nis
1354 1756 1368 1779 ‚
1381 1727 1450 1771 sex
1466 1731 1654 1773 Decreta
1669 1730 1800 1774 edere
1817 1731 1857 1773 in
1878 1730 2061 1775 favorem
2077 1730 2132 1772 dd
2143 1760 2153 1773 .
2168 1729 2324 1773 Refor-

1282 1798 1508 1839 matorum,
1524 1789 1624 1832 S-V.
1641 1791 1882 1832 Oratorum.
1907 1793 1953 1832 ln
1971 1793 2049 1834 hoc
2065 1790 2166 1832 statu
2184 1803 2323 1833 rerum

1282 1849 1524 1903 supervenit
1557 1850 1690 1891 Breve
1716 1850 1825 1891 S.V.
1855 1851 2049 1905 signatum
2082 1850 2151 1893 die
2169 1863 2237 1903 23.
2260 1850 2326 1905 Ja-

1281 1907 1407 1950 nuarii
1436 1905 1620 1963 proxime
1646 1907 1784 1950 effluxi
1801 1935 1815 1956 ‚
1832 1906 1975 1951 favore
2002 1909 2071 1952 dd.
2087 1911 2165 1951 ΡΡ.
2181 1913 2325 1963 Capu-

1279 1967 1468 2011 cinorum
1485 1993 1498 2017 ,
1529 1965 1731 2008 directum
1754 1966 1863 2015 didio
1882 1967 2082 2024 Episcopo
2099 1967 2323 2009 Tridenti-

1279 2040 1332 2068 no
1345 2055 1359 2077 ‚
1395 2026 1433 2068 in
1452 2038 1535 2080 quo
1549 2026 1719 2070 attentis
1738 2028 1945 2072 nonnullis
1961 2027 2144 2069 erroneis
2160 2056 2175 2077 ,
2201 2028 2240 2067 &
2262 2026 2322 2067 in·

1278 2081 1582 2128 subsistentibus
1610 2084 1931 2139 expolitionibus
1959 2090 1999 2128 S.
2014 2088 2065 2128 V.
2091 2081 2201 2127 fastis
2218 2111 2232 2134 ,
2261 2085 2324 2126 ei-

1276 2144 1372 2187 dem
1386 2143 1565 2200 benigne
1578 2144 1794 2195 commilit‚
1807 2144 1952 2202 praevia
1963 2146 2322 2188 avocationeCau-

1281 2203 1324 2247 sae
1350 2206 1374 2247 a
1391 2203 1498 2244 dicta
1517 2206 1618 2245 -Sac.
1642 2206 1979 2259 Congregatione
1998 2202 2293 2261 Episcoporum
2307 2231 2323 2255 ‚

1280 2263 1321 2303 &
1349 2260 1652 2314 Regularium,
1677 2271 1721 2304 ut
1750 2262 1986 2318 adimpletis
2014 2272 2098 2308 tam
2121 2263 2175 2304 de
2199 2261 2322 2318 jure,

1281 2320 1406 2376 quam
1422 2317 1474 2359 de
1497 2315 1603 2360 facto
1616 2320 1922 2365 conditionibus
1937 2349 1953 2373 ‚
1981 2334 2027 2363 ac
2044 2319 2215 2363 servatis
2240 2321 2326 2363 ser·

1283 2378 1424 2422 vandis
1441 2390 1516 2433 pro
1538 2375 1614 2422 suis
1629 2377 1872 2427 conscientia
1891 2409 1905 2433 ,
1917 2382 1955 2423 &
1970 2379 2141 2422 arbitrio
2158 2378 2210 2423 ad
2225 2377 2322 2421 sun-

1281 2437 1494 2481 dationem
1528 2450 1727 2479 novorum
1755 2442 2051 2486 Conventuum
2082 2438 2322 2482 devenire)

1284 2492 1413 2553 poffet
1427 2524 1439 2535 .
1470 2495 1811 2550 obtemperaturi
1828 2498 1898 2542 dd.
1916 2500 1995 2541 ΡΡ.
2010 2497 2240 2540 Reformati
2259 2496 2324 2538 su-

1282 2555 1437 2611 premis
1466 2553 1664 2597 mandatis
1703 2559 1745 2600 S.
1774 2559 1855 2609 V.,
1885 2556 2201 2606 humilioribus,
2230 2555 2323 2612 qui-

1285 2615 1357 2657 bus
1372 2613 1974 2671 potuerunt‚supplicationibus
1990 2616 2207 2672 quinquies
2221 2629 2325 2671 pro-

1284 2674 1326 2716 ni
1352 2672 1548 2715 instanter
1577 2674 1785 2721 instantius
1812 2675 1942 2721 audiri
1966 2677 2176 2731 petierunt
2203 2673 2242 2717 in
2259 2670 2324 2714 di-

1291 2734 1352 2773 &a
1379 2731 1511 2774 Curia
1536 2731 1753 2776 Ordinaria
1787 2735 1979 2778 Tridenti
1998 2763 2012 2785 ,
2043 2733 2109 2778 sed
2139 2733 2198 2792 jus
2227 2762 2242 2785 ‚
2281 2733 2322 2772 &

1287 2789 1481 2848 justitiam
1509 2790 1695 2834 invenire
1724 2793 1864 2836 datum
1893 2807 1971 2835 non
2005 2793 2110 2845 fuit,
2137 2807 2218 2836 non
2247 2792 2325 2833 ob-

1289 2849 1479 2892 stantibus
1506 2850 1744 2893 salutaribus
1769 2850 1957 2895 clausulis
1987 2854 2114 2895 mixto
2132 2855 2323 2905 Exequu-

1289 2907 1371 2951 tori
1397 2906 1596 2962 praescribi
1623 2908 1750 2951 solitis
1768 2940 1783 2963 ,
1807 2914 1845 2955 δι
1872 2911 1927 2954 de
1954 2909 2056 2956 facto
2083 2910 2324 2967 praescriptis

1289 2966 1332 3008 in
1345 2965 1454 3007 dicto
1471 2968 1589 3010 Brevi
1617 2970 1657 3011 S.
1674 2970 1726 3012 V.
1740 2996 1754 3019 ,
1782 2971 1819 3012 in
1835 2971 1999 3014 modum
2014 2998 2027 3021 ,
2055 2981 2100 3013 ut
2128 2970 2199 3011 dd.
2215 2969 2324 3009 Ora-

1289 3034 1401 3067 tores
1429 3022 1478 3067 ad
1508 3039 1657 3068 nouum
1683 3028 1967 3082 appellationis
1997 3028 2223 3070 remedium
2254 3039 2327 3068 co-

1290 3096 1376 3125 ram
1406 3083 1582 3126 honestis
1599 3084 1711 3127 Viris
1739 3085 1897 3130 neceffe
1924 3087 2140 3129 habuerint
2169 3099 2326 3128 convo-

1291 3140 1378 3184 lare
1396 3170 1412 3194 ,
1437 3143 1475 3183 &
1498 3142 1595 3185 dein
1622 3144 1762 3198 praevia
1779 3155 2035 3188 narratorum
2049 3145 2328 3189 enumeratio-

1291 3214 1344 3243 ne
1367 3199 1588 3256 supplicem
1607 3202 1816 3248 Libellum
1832 3204 1931 3247 S.V.
1955 3205 2220 3260 porrexerint
2238 3202 2326 3255 ,cui

1291 3258 1526 3303 clementer
1546 3259 1701 3316 placuit
1717 3261 1943 3304 instantiam
1962 3266 2178 3307 remittere
2198 3263 2249 3305 ad
2264 3264 2328 3306 Si-

1297 3327 1510 3374 gnaturam
1536 3321 1720 3373 Gratiae3
1750 3321 1913 3363 Interea
1941 3331 2078 3366 tamen
2105 3335 2326 3379 numquam

1298 3377 1464 3428 citatis,
1485 3380 1616 3421 minus
1642 3379 1791 3421 auditis
1819 3378 1892 3420 dd.
1918 3382 2162 3425 Oratoribus
2180 3410 2196 3433 ‚
2226 3395 2327 3436 prae·

1297 3432 1382 3477 fata
1397 3436 1522 3479 Curia
1539 3437 1797 3494 Epist-opalis
1813 3436 1966 3482 conscia
1982 3441 2035 3484 de
2050 3441 2154 3484 dieta
2176 3439 2326 3496 Appel-

1299 3493 1455 3537 latione
1482 3493 1724 3540 sententiam
1753 3495 1861 3539 suam
1884 3496 2166 3553 definitivam,
2200 3511 2246 3542 ut
2270 3496 2327 3542 as-

1295 3550 1469 3607 seritur5
1489 3555 1662 3610 protulit
1678 3584 1692 3607 ‚
1715 3556 1753 3597 in
1768 3570 1845 3612 qua
1863 3557 2100 3613 supponitur
2121 3556 2328 3602 declaras·

1297 3610 1336 3654 se
1353 3641 1367 3664 ,
1400 3613 1536 3655 locum
1552 3613 1631 3656 else
1652 3615 1852 3669 praetensae
1868 3616 2112 3661 fundationi
2138 3618 2207 3660 dd.
2220 3621 2328 3659 Con.

1296 3679 1495 3713 ven'tuum
1511 3698 1525 3721 ‚
1552 3672 1572 3713 ἐ
1587 3686 1665 3728 qua
1683 3684 1816 3717 tamen
1833 3702 1847 3726 ,
1872 3684 1965 3719 utut
1979 3677 2029 3719 ad
2049 3692 2190 3720 eorum
2207 3687 2327 3718 aures

1294 3731 1531 3786 pervenerit
1548 3757 1563 3778 ‚
1591 3746 1730 3774 coram
1762 3733 1938 3777 honestis
1959 3736 2111 3780 iterum
2130 3738 2239 3778 Viris
2266 3732 2329 3774 di-

1290 3792 1356 3830 έὶο
1384 3788 1436 3831 de
1454 3789 1683 3843 nullitate,
1710 3791 1959 3849 &injustitia
1987 3795 2025 3838 in
2052 3794 2182 3837 forma
2203 3795 2328 3850 legali

1288 3848 1338 3891 ad
1355 3850 1545 3892 Sanctam
1572 3850 1721 3894 Sedem
1748 3850 2019 3908 Apostolicam
2042 3852 2298 3911 appellfirunt
2318 3870 2332 3910 ;

1676 3910 1709 3952 P
1726 3923 1753 3965 p
2156 3915 2272 3972 Qa-
