2664 4114
917 182 1611 305 Neapolitana.

193 300 409 362 supplicari
424 301 573 346 fecistis
589 305 602 355 3
617 307 663 347 ut
681 301 808 345 Vobis
824 300 863 344 in
876 302 1077 356 praemissis
1096 318 1230 358 pater-

193 365 245 405 ne
278 360 496 416 providere
514 388 529 411 ,
559 363 612 405 de
642 362 890 415 benignitate
906 361 1139 420 Apostolica
1165 363 1229 405 di—

192 433 416 474 gnaremur
433 450 444 460 .

251 479 340 520 Nos
365 478 489 534 igitur
506 476 645 522 vestris
662 476 841 523 honestis
863 476 967 519 votis
981 505 995 529 ,
1033 481 1229 533 quantum

190 549 284 580 eum
302 537 480 581 Domino
507 533 701 593 possumus
716 561 729 583 ,
760 535 941 578 libenter
963 550 1142 580 annuere
1160 551 1230 579 vo-

189 594 354 649 lentes,
385 593 611 652 hujusmodi
637 592 995 646 supplicationibus
1022 597 1229 648 inclinati,

188 651 300 708 pium
327 655 401 698 hoc
424 654 595 699 vestrum
611 649 857 696 desiderium
876 662 970 694 ante
986 655 1122 694 omnia
1141 655 1231 707 plu-

189 711 337 757 rimum
351 712 390 754 in
404 712 578 762 Domino
588 711 922 755 commendamus
935 724 956 763 ;-
966 708 1119 753 deinde
1134 723 1248 751 con-·

186 769 410 815 fidei-antes
430 801 446 822 ,
488 766 777 815 Monasterium
810 771 983 812 vestrum
1016 773 1229 811 Sacrarum

189 829 410 889 Virginum
432 825 660 873 voluntarie
676 829 767 870 Deo
789 828 1040 874 dicatarum,
1063 841 1134 870 nec
1160 840 1227 868 re-

187 886 446 941 ceptaculum
461 883 710 928 saecularium
725 887 991 928 Personarum
1003 915 1017 938 ‚
1043 899 1118 928 nec
1134 895 1230 926 coa-

185 948 296 989 ssum
309 957 518 989 carcerem
532 943 860 1000 delinquentium
878 945 1126 986 faeminarum
1139 943 1229 986 ullo

187 1002 314 1048 modo
327 999 407 1048 esse
420 1004 577 1046 debere
588 1029 604 1052 ,
620 1003 879 1045 Austoritate
893 1003 1124 1055 Apostolica
1135 1031 1151 1054 ‚
1165 1013 1229 1043 te-

186 1074 289 1104 nore
303 1062 552 1117 praesentium
568 1074 617 1102 ex
633 1070 750 1103 certa
768 1061 898 1102 nostra
913 1059 1075 1103 scientia
1097 1061 1227 1102 inter-

187 1120 388 1170 dicimus,
417 1120 458 1160 &
482 1117 668 1171 expresse
693 1119 958 1172 prohibemus
974 1146 989 1169 ,
1013 1120 1051 1160 in
1070 1119 1227 1163 virtute

186 1182 230 1221 S.
246 1177 503 1220 Obedientiae
523 1176 649 1220 &sub
665 1177 843 1217 censuris
862 1178 900 1218 δι
915 1177 1046 1230 poenis
1063 1178 1100 1218 in
1115 1180 1229 1219 Con-

187 1235 394 1277 stitutione
423 1232 492 1276 fel.
519 1247 605 1277 rec.
631 1232 826 1279 Bonisacii
852 1236 897 1276 P.
914 1236 958 1276 Ρ.
978 1236 1097 1277 Vlll.
1125 1237 1227 1278 Prae-

187 1290 410 1337 decessoris
437 1292 586 1342 nostri,
617 1292 886 1349 quaeincipit‚
921 1292 1163 1351 Periculosa,
1188 1295 1229 1335 ὃς

188 1353 230 1394 in
241 1350 420 1395 decretis
437 1353 545 1397 Sacri
556 1351 736 1398 concilii
753 1352 1003 1405 Tridentini,
1017 1368 1061 1395 ac
1079 1354 1230 1396 litteris

188 1409 263 1454 sub
276 1410 445 1466 plumbo
469 1413 490 1454 ti
509 1410 638 1455 Nobis
653 1425 784 1466 nuper
807 1411 925 1468 super
939 1411 1122 1456 clausura
1141 1415 1230 1456 Mo·

186 1469 352 1513 nialium
378 1469 498 1514 editis
527 1471 731 1514 contentis
748 1499 762 1522 ‚
794 1485 845 1514 ne
867 1472 921 1514 de
938 1482 1100 1520 coetero
1115 1471 1231 1517 ulla-2

186 1528 362 1575 Persona
379 1557 393 1580 ,
407 1527 558 1574 Mulier
572 1557 586 1581 ,
602 1527 667 1571 vel
683 1527 875 1578 saecularis
889 1559 901 1580 ‚
926 1541 996 1576 aut
1014 1530 1202 1576 Monialis
1217 1557 1231 1580 ,

185 1585 359 1641 cujusvis
375 1588 549 1633 Ordinis
563 1617 578 1639 ‚
596 1585 724 1640 sexfis,
743 1589 1002 1641 conditionis,
1015 1587 1229 1642 dignitatis

187 1657 257 1688 aut
286 1647 511 1689 nobilitatis
542 1646 711 1699 existat,
734 1645 805 1689 sub
836 1647 979 1703 quovis
1000 1655 1200 1701 praetextu
1217 1672 1230 1696 ,

186 1715 256 1748 aut
271 1706 433 1758 quaefito
446 1706 587 1752 colore
600 1733 614 1756 ‚
629 1706 750 1753 etiam
766 1705 1006 1748 charitative
1025 1706 1108 1748 Vos
1127 1703 1232 1746 invi-

189 1763 300 1808 sendi
316 1793 329 1814 ‚
356 1762 664 1810 autconsolandi
684 1763 953 1817 (Ordinatio,
967 1773 1034 1805 aut
1053 1763 1233 1818 Delega-

187 1834 254 1870 ιο,
272 1821 335 1866 vel
352 1821 636 1875 Superioribus
652 1819 831 1874 ejusdem
852 1821 1087 1863 Monasterii
1104 1848 1118 1871 ‚
1135 1821 1232 1864 dum

181 1879 297 1939 juxta
309 1881 450 1921 sacras
469 1878 785 1920 Constitutiones
810 1877 1030 1935 generales
1061 1880 1127 1922 vel
1145 1879 1234 1935 spe-

185 1939 306 1985 ciales
319 1935 426 1979 illud
447 1936 607 1984 visitant
621 1966 635 1988 ,
653 1937 852 1981 duntaxat
868 1940 1056 1994 exceptis
1070 1939 1089 1995 )
1105 1941 1232 1982 etiam

188 1996 569 2056 cujuslibetindulti
587 1997 752 2043 licentia
765 2026 779 2049 ‚
806 2008 876 2043 aut
891 1995 1106 2045 facultatis
1119 2000 1232 2042 ordi·

186 2058 299 2102 naria
317 2054 595 2101 ecclesiastica
609 2086 623 2108 ,
647 2057 712 2100 vel
730 2054 907 2099 saeculari
923 2057 1124 2114 potestate
1137 2086 1154 2109 ,
1184 2072 1231 2099 ac

185 2118 321 2173 Regia
337 2145 352 2168 ,
365 2123 433 2156 aut
448 2116 573 2158 etiam
589 2116 610 2157 ἐι
626 2115 733 2158 Sede
748 2116 982 2172 Apostolica
1002 2117 1234 2174 quomodo-

186 2175 290 2233 libet
302 2175 480 2217 obtentae
495 2175 669 2219 vestrum
688 2176 978 2218 Monasterium
996 2206 1011 2227 ,
1036 2176 1104 2219 seu
1121 2177 1232 2219 illius

186 2235 360 2279 claustra
386 2233 576 2288 ingredi,
607 2233 674 2275 vel
702 2234 757 2277 ibi
779 2235 830 2277 ad
856 2242 1047 2291 tempus,
1073 2237 1232 2279 etiam..-

189 2297 317 2335 breve
345 2304 583 2346 permanere
600 2320 615 2342 ,
644 2305 777 2347 neque
805 2293 936 2337 minus
964 2297 1202 2348 pernoctare
1217 2322 1233 2344 ,

188 2361 263 2394 aut
291 2350 388 2397 alias
414 2351 565 2392 morari
581 2350 721 2405 poslit:
746 2364 821 2392 nec
850 2352 957 2394 ullus
974 2353 1135 2409 judex,
1164 2353 1231 2394 vel

185 2410 445 2466 Magistratus
465 2410 698 2452 ordinarius
714 2410 780 2451 vel
800 2409 1034 2468 delegatus,
1049 2425 1231 2469 quacun-

188 2484 269 2526 que
282 2470 405 2511 etiam
417 2469 664 2520 Apostolica,
677 2479 747 2511 aut
763 2470 893 2525 Regia
909 2470 1232 2526 fungensAucto-

183 2530 312 2572 ritate
338 2528 563 2584 quamlibet
580 2527 796 2571 Mulierem
816 2529 881 2570 vel
899 2530 1086 2572 Puellam
1103 2533 1233 2570 saecu-

185 2588 319 2630 larem
350 2588 415 2628 vel
444 2586 676 2641 regularem
690 2599 933 2643 quacunque
955 2601 1005 2631 ex
1021 2585 1134 2631 causa
1158 2587 1230 2628 in.2

184 2649 334 2690 eodem
351 2646 482 2688 vestro
497 2644 743 2687 Monasterio
756 2645 966 2700 deponere
979 2676 996 2698 ‚
1012 2645 1235 2702 sequestra-

188 2720 260 2756 re,
273 2706 489 2751 detinere,
503 2717 720 2746 carcerare
731 2732 744 2754 ,
760 2704 972 2746 intrudere
986 2733 1001 2755 ,
1021 2703 1085 2746 seu
1104 2706 1231 2746 etiam

192 2764 242 2807 ad
260 2763 425 2815 aliquod
439 2763 692 2817 quantumvis
707 2762 839 2803 breve
852 2763 1050 2818 temporis
1064 2763 1231 2818 spatium

187 2822 379 2877 relegare
391 2847 406 2870 ,
430 2834 504 2862 nec
520 2820 570 2861 ad
588 2820 627 2862 id
642 2821 726 2863 Vos
742 2819 810 2860 sub
826 2819 958 2873 aliqua
978 2834 1098 2874 poena
1112 2831 1234 2873 coge-

187 2896 236 2926 re
252 2909 267 2932 ,
300 2893 434 2936 neque
458 2880 498 2921 in
517 2888 652 2934 portas
677 2878 741 2922 seu
770 2875 849 2932 ipsa
868 2878 1035 2919 claustra
1052 2875 1235 2918 eiusdem

188 2939 422 2986 Monasterii
442 2938 522 2984 vim
551 2934 701 2979 inferre
715 2964 729 2986 ,
762 2934 913 2978 etiamsi
939 2936 999 2976 illi
1016 2935 1068 2977 ad
1096 2933 1134 2975 id
1163 2947 1236 2975 au-

189 2999 384 3042 ctoritate
412 2995 615 3044 facultatis
633 3024 646 3046 ‚
680 3004 749 3037 aut
780 2994 1013 3037 litterarum
1038 3020 1053 3040 ,
1080 2993 1235 3035 etiarm,

190 3060 214 3103 ὲ
231 3057 359 3104 Nobis
379 3056 443 3100 vel
460 3055 658 3103 Romanis
672 3052 936 3097 Pontificibus
963 3050 1136 3107 desuper
1162 3063 1235 3105 pro

190 3127 379 3170 tempore
410 3124 688 3156 emanatarum
703 3140 716 3162 ,
749 3126 826 3159 una
855 3126 948 3154 cum
973 3110 1237 3152 invocatione

189 3174 345 3218 brachii
363 3171 562 3219 saecularis
578 3170 731 3214 suffulti
748 3169 873 3218 effent
889 3200 902 3221 ,
932 3170 1134 3213 ullatenus
1169 3180 1238 3207 au-

194 3236 319 3278 deant
341 3231 407 3272 vel
422 3227 658 3288 praesumant
677 3259 690 3282 ,
706 3226 914 3284 Vobisque
925 3256 940 3278 ,
953 3243 1003 3274 ne
1018 3225 1208 3269 Personas
1223 3253 1238 3275 ‚

190 3288 613 3339 Moniales,mulieres
627 3302 673 3330 ac
691 3286 852 3345 puellas
865 3284 1103 3342 hujusmodi,
1114 3286 1238 3326 etiam

191 3361 236 3394 ut
253 3347 544 3404 praemittitur,
576 3343 885 3401 sequestrandas
902 3374 916 3394 ‚
945 3343 1207 3397 deponendas
1221 3371 1237 3392 ‚

192 3404 434 3452 detinendas
454 3405 518 3446 vel
549 3402 816 3452 carcerandas
831 3402 938 3454 intra
959 3401 1130 3443 vestrum
1148 3404 1241 3443 Mo·

194 3465 410 3517 nasterium
425 3463 681 3515 admittere,
709 3461 776 3505 vel
793 3460 1006 3517 recipere,
1031 3473 1165 3517 neque
1178 3459 1240 3507 in-

1287 321 1421 356 trare,
1446 321 1510 350 aut
1541 310 1590 351 ibi
1612 309 1759 353 morari
1785 310 2030 368 permittere
2049 338 2063 361 ,
2095 309 2164 351 nili
2181 313 2333 353 dunta-

1288 376 1355 407 xat
1383 368 1793 421 vigorelitterarum‚
1822 384 1906 426 quae
1934 371 1970 410 in
1989 371 2069 410 vim
2090 369 2332 423 Rescripto-

1290 439 1376 466 rum
1402 439 1516 466 manu
1544 426 1678 469 nostra
1709 428 1873 483 propria
1900 429 2331 482 fignatarunideluper

1289 485 1564 526 emanaverint
1581 486 1645 534 ,in
1662 487 1805 539 quibus
1824 488 1875 529 de
1889 484 2150 541 praesentibus
2165 486 2332 531 litteris,

1290 554 1509 595 earumque
1535 551 1627 582 toto
1654 552 1798 584 tenore
1826 545 1879 586 de
1896 545 2024 586 verbo
2049 542 2099 584 ad
2127 546 2335 584 verbum„

1292 600 1447 640 mentio
1474 597 1540 638 fiat
1556 626 1572 647 ,
1604 598 1692 639 ullo
1715 604 1828 652 pasto
1856 601 2006 655 poffitis
2032 612 2102 644 aut
2117 601 2298 643 debeatis
2315 630 2331 652 ‚

1292 655 1532 695 auctoritate
1565 656 1605 695 δε
1636 665 1777 698 tenore
1808 660 1998 711 praedietis
2029 660 2290 702 concedimus
2315 689 2332 709 ,

1291 711 1469 765 alioquin
1505 715 1864 757 contravenientes
1900 731 2036 759 omnes
2073 717 2289 759 sententias
2316 743 2331 762 a

1290 768 1474 811 censuras
1490 797 1504 819 ,
1524 772 1561 810 &
1587 784 1713 826 paenas
1746 774 1945 825 praediflas
1969 774 2048 828 ipso
2064 775 2172 818 fasto
2193 777 2334 816 incur-

1291 841 1384 875 rere
1414 827 1700 876 decernimus,
1726 830 1763 870 δε
1790 829 2064 874 declaramus.
2094 833 2336 893 roirca„

1292 885 1532 927 Venerabili
1547 886 1680 929 Fratri
1695 887 2015 944 Archiepiscopo
2032 892 2302 945 Neapolitano
2317 919 2332 941 ‚

1293 945 1330 984 &
1347 944 1509 985 Dilecto
1526 945 1632 989 Filio
1653 945 1787 989 nostro
1802 974 1814 995 ‚
1840 948 1878 987 &
1894 947 2131 1002 Apostolicae
2149 949 2266 992 Sedis
2291 950 2332 990 in

1291 1004 1440 1056 Regno
1457 1003 1733 1059 Neapolitano
1751 1006 1905 1046 Nuntio
1918 1034 1933 1055 ‚
1965 1019 2066 1047 nunc
2083 1007 2123 1047 δε
2142 1021 2212 1061 pro
2229 1016 2336 1047 tem·-

1291 1074 1392 1114 pore
1407 1060 1673 1102 existentibus
1699 1075 1772 1116 per
1787 1060 1998 1115 praesentes
2019 1065 2304 1106 committimus
2318 1093 2334 1115 ,

1290 1123 1329 1161 ἃ.
1346 1118 1603 1171 mandamus,
1617 1130 1811 1176 quatenus
1828 1119 1893 1176 ipfi
1908 1120 1971 1163 vel
1989 1121 2092 1163 alter
2107 1137 2243 1164 eorum
2261 1136 2334 1175 per

1290 1178 1357 1227 le,
1379 1176 1445 1218 vel
1472 1177 1624 1229 alium,
1665 1177 1730 1220 seu
1768 1178 1867 1221 alios
1893 1207 1907 1230 ,
1952 1179 2052 1230 ubi,
2078 1181 2262 1232 quando,
2293 1181 2335 1220 δε

1290 1235 1452 1292 quoties
1479 1250 1575 1292 opus
1591 1236 1740 1289 fuerit,
1760 1238 1796 1278 &
1813 1252 1885 1292 pro
1901 1248 2018 1292 parte
2035 1237 2160 1278 vestra
2179 1237 2334 1279 suerint

1291 1294 1463 1349 desuper
1479 1295 1658 1351 requifiti
1671 1325 1683 1346 ,
1699 1296 1911 1351 praesentes
1928 1296 2080 1342 litteras
2098 1295 2335 1337 solemniter

1293 1353 1561 1409 publicanteS,
1584 1354 1839 1410 vobisquein
1857 1355 2054 1414 praemissis
2071 1353 2246 1396 efficacis
2261 1353 2336 1396 de-

1292 1411 1480 1454 fenfionis
1507 1412 1687 1467 praesidio
1716 1413 1958 1463 affistentes,
1986 1412 2137 1455 faciant
2162 1412 2336 1456 basem-³

1292 1471 1450 1513 litteras
1467 1500 1479 1522 ,
1501 1473 1538 1512 &
1562 1474 1601 1512 in
1626 1472 1682 1512 eis
1709 1482 1903 1514 contenta
1920 1485 2164 1527 quaecunque
2183 1473 2232 1515 ab
2247 1485 2339 1511 om-

1294 1531 1409 1574 nibus
1425 1529 1718 1574 inviolabiliter
1732 1530 1964 1579 observari:
1997 1528 2336 1574 Contradicftores

1292 1586 1496 1644 quoslibet
1511 1587 1551 1626 &
1567 1587 1742 1634 rebelles
1760 1600 1830 1642 per
1846 1587 2030 1630 censuras
2045 1588 2084 1628 &
2100 1601 2223 1641 paenas
2242 1600 2340 1641 prae-

1290 1647 1416 1688 dictas
1429 1670 1443 1692 ³
1465 1647 1506 1686 &
1532 1645 1607 1687 alia
1623 1656 1851 1700 opportuna
1869 1646 1964 1703 juris
1983 1645 2176 1696 remedia,
2192 1645 2334 1700 appel—

1293 1705 1447 1750 latione
1475 1703 1690 1761 postpofita
1725 1704 2043 1760 compescendo,
2068 1705 2256 1750 invocato
2285 1701 2337 1745 ad

1295 1765 1398 1810 hoc,
1423 1761 1448 1803 fi
1464 1777 1562 1819 opus
1580 1763 1703 1805 suerit
1722 1792 1738 1813 ,
1771 1763 1920 1806 auxilio
1940 1763 2092 1807 brachii
2117 1761 2337 1805 saecularis.

1296 1826 1390 1865 Non
1405 1823 1653 1872 obstantibus
1667 1821 1865 1877 praemiffis
1877 1853 1891 1873 ,
1910 1837 1955 1864 ac
1975 1821 2339 1865 Constitutionibus

1293 1883 1333 1923 &
1348 1879 1683 1927 ordinationibus
1702 1880 1943 1934 Apostolicis
1958 1910 1970 1932 ‚
1995 1894 2068 1922 nec
2085 1894 2161 1922 non
2175 1909 2189 1932 2
2214 1880 2339 1922 etiam

1293 1940 1527 1998 juramento
1552 1969 1567 1992 ,
1607 1938 1932 1982 Confirmatione
1967 1938 2195 1993 Apostolica
2222 1967 2235 1988 ,
2268 1937 2338 1979 vel

1293 1999 1656 2055 quavis·firmitate
1681 1998 1759 2040 alia
1785 1999 1984 2040 roboratis
2008 1995 2161 2038 statutis
2186 1998 2221 2037 &
2242 2010 2341 2037 con-

1295 2058 1570 2101 suetudinibus
1584 2086 1599 2108 ,
1627 2056 1851 2113 privilegiis
1869 2069 2027 2113 quoque
2041 2085 2055 2106 ,
2086 2055 2275 2104 indultis,
2296 2056 2337 2095 &

1293 2118 1465 2162 Litteris
1497 2116 1736 2171 Apostolicis
1770 2116 2082 2171 quomodolibet
2117 2112 2335 2164 conceffis,

1293 2176 1543 2218 confirmatis
1561 2204 1575 2225 ,
1602 2177 1641 2216 &
1667 2175 1869 2216 innovatis
1898 2203 1911 2225 ,
1952 2174 2095 2229 quibus
2126 2173 2336 2217 omnibus·

1294 2249 1436 2278 eorum
1455 2247 1619 2276 tenores
1633 2262 1647 2284 ,
1670 2248 1715 2274 ac
1734 2235 1759 2272 fi
1776 2231 1828 2274 de
1847 2235 1969 2276 verbo
1982 2232 2031 2273 ad
2050 2231 2216 2274 verbum
2232 2227 2337 2272 inse·

1294 2305 1487 2337 terentur
1510 2291 1764 2349 praesentibus
1779 2317 1792 2340 ,
1819 2306 1895 2347 pro
1911 2290 2154 2331 sufficienter
2173 2289 2337 2343 expres-

1293 2353 1338 2396 sis
1355 2354 1549 2395 habentes
1565 2381 1578 2402 ,
1604 2351 1682 2392 illis
1710 2352 1806 2391 alias
1829 2352 1864 2390 in
1884 2348 1952 2391 suo
1979 2350 2123 2393 robore
2154 2360 2335 2401 perman.

1291 2412 1418 2460 suris,
1450 2412 1523 2451 hac
1553 2410 1642 2450 vice
1667 2409 1861 2449 duntaxat
1880 2404 2336 2461 specialiter&cxpres-

1270 2471 1337 2512 'se
1364 2470 1606 2522 derogamus
1632 2493 1646 2516 ‚
1673 2462 1902 2519 caeterisque
1934 2463 2145 2504 contrariis
2174 2461 2335 2517 quibus-

1294 2540 1468 2582 cumque
1489 2555 1499 2565 .
1517 2524 1597 2567 Vel
1621 2525 1645 2563 fi
1662 2524 1857 2579 aliquibus
1873 2522 2145 2564 communiter
2159 2547 2172 2570 ‚
2197 2521 2259 2562 vel
2273 2520 2333 2562 di-

1295 2586 1405 2628 vifim
1430 2586 1480 2626 ab
1502 2584 1644 2641 eadem
1674 2582 1717 2624 fit
1745 2581 1852 2624 Sede
1886 2579 2122 2629 indultum,
2148 2579 2256 2633 quod
2273 2578 2334 2619 in..

1295 2643 1464 2694 terdici,
1480 2640 1689 2696 suspendi,
1714 2641 1776 2683 vel
1796 2637 2135 2686 excommunicari
2151 2650 2228 2677 non
2243 2635 2335 2689 pos-

1294 2704 1386 2753 sint,
1403 2715 1476 2756 per
1491 2701 1669 2742 Litteras
1680 2698 1927 2754 Apostolicas
1942 2711 2020 2738 non
2035 2694 2230 2743 facientes
2246 2694 2334 2749 ple-

1296 2775 1387 2803 nam
1402 2762 1442 2800 &
1455 2755 1676 2812 expressam
1691 2783 1706 2803 a
1736 2770 1778 2798 ac
1806 2755 1859 2796 de
1877 2756 1999 2805 verbo
2015 2754 2065 2797 ad
2090 2753 2257 2795 verbum
2278 2752 2331 2795 de

1295 2818 1456 2860 indulto
1470 2813 1694 2870 hujusmodi
1712 2815 1960 2858 mentionem
1974 2842 1985 2853 .

1354 2878 1508 2916 Datum
1535 2874 1672 2915 Romae
1697 2871 1802 2924 apud
1830 2876 1869 2918 S‚
1887 2873 2053 2918 Petrum
2080 2868 2147 2910 sub
2163 2867 2328 2910 Annulo

1298 2931 1510 2976 Piscatoris
1538 2929 1605 2971 die
1637 2945 1715 2973 xv.
1730 2930 1906 2984 Januarii
1924 2940 2091 2970 MDvat
2106 2940 2143 2968 1.
2161 2924 2330 2969 Pontifi-

1297 2989 1410 3034 catfis
1437 2989 1557 3033 nostri
1584 3001 1689 3037 anno
1715 2988 1869 3042 primo.

1799 3102 1929 3145 Caesar
1954 3077 2186 3142 Glorierius
2201 3126 2216 3139 .

1357 3226 1479 3267 Breve
1482 3218 1708 3276 formatum
1729 3221 1772 3259 in
1786 3217 1907 3261 Arch.
1925 3213 2157 3270 Monasterti
2175 3215 2333 3256 Mania-³

1411 3282 1507 3322 lium
1525 3278 1705 3334 pra-diffl-
1733 3277 1777 3317 de
1805 3288 1878 3327 quo
1905 3276 2098 3328 exemplar
2117 3273 2331 3322 Anthemi-

1416 3349 1501 3378 cum
1526 3338 1570 3378 in
1586 3336 1754 3379 Archiae
1773 3334 1954 3388 generali
1971 3331 2126 3378 Ordinis
2142 3334 2329 3375 Armario

1416 3395 1629 3445 Provincia
1646 3391 1916 3449 Neapolitana
1929 3421 1942 3434 .

2118 3791 2276 3833 NOTA
