2664 4114
395 179 505 260 82>
1143 162 1675 250 Provincia

331 288 436 341 fito,
465 294 501 332 in
521 303 599 345 quo
614 299 730 330 arcus
754 282 847 325 alias
872 281 910 322 in
934 280 1006 321 hac
1026 279 1238 322 Provincia
1270 294 1363 322 con-

330 347 433 391 sueti
459 348 592 389 omitti
638 352 866 400 poterunt,
910 349 959 404 ut
994 338 1172 393 expensis
1205 340 1360 394 pariter

328 417 545 463 parcatur.
588 407 746 446 Hortus
779 413 897 439 muro
923 407 1140 451 cingatur,
1169 411 1258 439 cum
1288 399 1356 440 viae

326 465 495 517 publicae
522 467 561 506 &
585 462 684 503 mari
713 456 924 510 adjaceat,
950 457 987 496 δι
1010 456 1197 512 quotidie
1217 457 1353 498 incon-

326 523 531 566 venientia
565 521 811 562 audiantur:
849 515 973 559 Linea
1006 515 1104 556 muri
1132 515 1307 558 ducatur
1336 515 1356 558 ἃ

324 592 443 634 porta
475 577 705 622 Monasterii
735 573 783 615 ad
822 574 984 629 planum
1014 574 1135 629 usque
1165 574 1215 616 ad
1242 573 1357 629 supe·

325 639 475 680 riorem
503 638 659 690 ripam,
692 632 761 674 ubi
792 633 943 687 poterit
972 633 1236 686 intersecari,
1268 647 1357 674 cum

325 696 485 737 Fratres
511 694 660 739 ibidem
691 703 775 733 tam
801 690 922 734 facile
953 705 1032 733 non
1061 691 1204 748 possint
1229 693 1359 733 mole-

325 757 446 804 stari,
481 755 517 794 &
547 752 641 795 inde
667 765 830 808 quoque
855 750 1078 806 sumptibus
1107 765 1186 792 non
1215 752 1355 805 partim

321 825 544 872 parcatur,
575 825 709 854 murus
737 810 779 853 sit
811 810 978 852 modicae
1000 808 1216 861 craffitiei,
1247 810 1354 852 suffi-

323 875 516 929 cietque,
542 871 563 913 fi
586 872 631 912 fit
657 869 830 918 solidus,
853 869 1127 912 &altitudinis
1147 883 1349 924 congruae.

321 935 405 975 Pro
423 932 676 975 Bibliotheca
702 929 836 971 multae
851 927 1031 983 expensae
1055 942 1132 970 non
1162 926 1253 969 fiant
1270 959 1285 979 ‚
1313 931 1352 973 ὃς

320 993 437 1035 libris
463 992 658 1033 duntaxat
689 987 990 1043 spiritualibus,
1019 990 1059 1032 ὃς
1084 985 1352 1043 quibusdam„-

321 1052 496 1097 Summis
523 1051 571 1092 ad
598 1048 867 1094 Sacerdotum
890 1045 1003 1089 usum
1032 1061 1104 1101 pro
1130 1047 1264 1102 pretio
1287 1057 1349 1095 15.

321 1112 390 1155 vel
417 1123 484 1152 20.
515 1111 763 1150 Ducatorum
792 1106 987 1149 duntaxat
1014 1106 1253 1147 instruatur.

381 1173 482 1227 Qae
501 1170 632 1209 omnia
660 1166 793 1222 judico
816 1164 1056 1212 necessaria,
1086 1166 1124 1205 δι
1149 1163 1228 1218 ipse
1252 1178 1350 1218 quo-

322 1243 400 1285 que
425 1235 474 1270 t).
494 1231 645 1269 Mutius
667 1239 710 1266 ea
737 1238 806 1266 ceu
830 1223 924 1266 talia
944 1225 980 1264 in
1000 1223 1205 1277 praesentia
1225 1237 1350 1277 agno-

320 1290 421 1332 scit:
453 1288 506 1331 lis
529 1297 664 1328 autem
688 1282 890 1337 expletis,
918 1285 968 1323 D.
997 1283 1148 1323 Mutius
1174 1283 1224 1323 ab
1250 1297 1349 1325 one—

318 1362 367 1390 re
399 1345 541 1399 Legati
574 1343 679 1385 liber
708 1340 845 1382 existat
870 1368 883 1389 ,
915 1343 952 1381 ὃς
980 1339 1108 1383 liberi:
1137 1339 1226 1392 ejus
1256 1351 1350 1383 uta-

319 1418 386 1449 tur
410 1401 603 1445 fructibus
619 1429 629 1439 .
656 1400 815 1440 Poterit
839 1411 1002 1453 quoque
1022 1401 1246 1443 Decretum
1264 1402 1348 1442 De-

319 1463 519 1510 finitivum
538 1486 552 1509 ,
582 1456 688 1513 quod
717 1456 814 1500 alius
845 1459 1031 1498 Fratrum
1067 1456 1248 1501 alterare
1277 1471 1350 1498 ne-

319 1532 474 1581 queat,
502 1517 677 1563 confici,
708 1517 747 1556 &
775 1516 813 1557 in
842 1516 918 1557 hoc
947 1518 1059 1559 Loco
1091 1515 1348 1566 conservari,

319 1591 517 1640 quatenus
552 1575 748 1623 Dominus
780 1575 991 1636 praedid'tus
1027 1573 1147 1635 plene
1182 1586 1348 1619 maneat

318 1648 560 1687 contentus·

379 1697 577 1754 Requirit
605 1692 653 1736 ad
687 1694 832 1736 horum
862 1694 980 1737 finem
1006 1721 1020 1745 ‚
1051 1696 1088 1736 &
1120 1695 1347 1751 pleniorem

316 1760 425 1802 suam
460 1754 767 1798 satisfactionem
803 1757 852 1796 D.
882 1754 1037 1796 Mutius
1063 1753 1145 1797 duo
1173 1758 1344 1810 puncta:

316 1817 486 1867 Primo,
510 1825 552 1855 ut
574 1826 684 1855 arma
708 1807 774 1854 seu
800 1812 909 1856 scuta
929 1813 994 1854 sua
1016 1813 1232 1856 Gemilitia
1252 1827 1345 1856 cum

312 1876 575 1928 inscriptione
599 1872 636 1913 in
658 1885 861 1915 marmore
884 1872 1047 1926 erigere
1071 1871 1210 1927 poffit:
1233 1871 1343 1927 quod

312 1933 627 1978 concedendum
657 1930 842 1984 promifi,
872 1940 993 1985 prout
1014 1931 1054 1971 &
1080 1930 1158 1985 jam
1181 1929 1218 1973 ei
1245 1944 1341 1975 con-

313 1993 462 2035 cessum
486 1993 570 2040 est,
598 1992 637 2030 &
662 1998 782 2043 prout
809 1989 846 2030 in
866 1989 951 2029 aliis
973 2002 1133 2044 quoque
1158 1989 1258 2030 locis
1285 1987 1344 2031 fa-

313 2054 421 2096 &um
448 2048 717 2102 conspicitur.
751 2046 971 2096 secunde),
997 2048 1102 2102 quod
1135 2062 1208 2102 pro
1244 2047 1345 2097 sua-2,

312 2111 536 2154 devotione
563 2106 778 2161 Capellam
812 2106 1043 2158 contiguam
1071 2120 1163 2149 cum
1194 2106 1340 2162 Sepul-

310 2180 404 2212 tura
432 2183 506 2224 pro
521 2165 724 2208 humando
752 2165 789 2205 in
816 2178 860 2205 ea
887 2161 956 2205 suo
982 2164 1182 2207 cadavere
1200 2193 1215 2216 ,
1242 2180 1338 2207 con-

309 2230 467 2272 struere
493 2225 633 2281 possit:
659 2222 765 2279 quod
792 2225 832 2264 &
856 2223 1007 2277 pariter
1029 2222 1337 2265 concedendum

311 2285 489 2343 reposui,
508 2283 796 2338 adjungenS,ei
814 2281 986 2323 concedi
1004 2280 1126 2336 posse,
1143 2292 1186 2323 ut
1203 2281 1240 2323 in
1258 2282 1338 2335 ipsa

307 2349 501 2389 Fratrum
515 2342 719 2397 sepultura
733 2339 1174 2395 sepeliatur,quatenus
1189 2354 1339 2395 expen-

305 2406 354 2448 fis
381 2403 599 2457 majoribus
621 2407 839 2454 parcatur3
867 2397 1004 2441 mansit
1031 2409 1168 2441 autem
1195 2400 1236 2441 in
1257 2403 1339 2442 Ca-

306 2463 426 2519 pellae
454 2458 731 2502 construendae
772 2456 977 2514 propofito
1007 2469 1018 2498 :
1053 2456 1261 2516 potestque
1296 2459 1334 2499 ei

305 2536 458 2571 unum,
489 2521 529 2560 &
556 2519 729 2560 alterum
759 2516 966 2558 concedi.
999 2515 1196 2558 Relatum
1234 2516 1334 2558 mihi

304 2593 470 2637 qunque
497 2577 573 2619 fuit
598 2579 645 2619 ab
674 2573 757 2632 ipso
782 2573 922 2616 ambiri
943 2602 956 2625 ,
987 2583 1030 2614 ut
1054 2574 1091 2616 in
1123 2574 1236 2617 Festo
1259 2576 1336 2617 Pu-

302 2637 545 2682 rificationis
574 2634 771 2684 candela,
800 2635 836 2674 δι
867 2643 1053 2687 tempore
1079 2632 1337 2687 quadragesi-

303 2697 402 2740 mali
432 2696 563 2751 palma
595 2693 660 2748 ipfi
701 2693 922 2744 mutatui-3
963 2691 1027 2735 cui
1047 2700 1233 2735 ⁴annuere
1261 2706 1335 2735 no-

303 2757 361 2805 lui
387 2785 400 2806 ,
431 2769 483 2796 ne
515 2753 647 2808 jugum
681 2755 935 2805 imponatur.
969 2749 1140 2807 Qievit
1167 2761 1335 2794 autem,

304 2815 432 2857 &ille
451 2813 625 2867 desuper
641 2838 655 2862 ,
679 2812 715 2851 &
740 2809 775 2851 in
797 2809 918 2852 fidem
943 2809 1140 2852 dictorum
1164 2811 1204 2851 &
1226 2812 1335 2850 aeto-

302 2889 394 2918 rum
440 2870 649 2925 praesentes
694 2869 871 2910 manibus
905 2868 1075 2922 propriis
1112 2864 1334 2923 subscripsi-

304 2947 394 2976 mus
420 2947 475 2972 :
507 2933 577 2972 Fr.
601 2928 791 2983 AEgidius
817 2928 844 2969 a*
873 2931 911 2968 5.
939 2930 1119 2967 Severino
1153 2927 1334 2984 Vsstator

306 2992 507 3036 Generalis
531 2991 716 3044 Capucin.
747 3003 802 3028 z
837 2987 992 3030 Mutius
1014 2986 1212 3037 caballus,
1227 2989 1331 3030 Civis

304 3056 512 3094 Amanteae
527 3049 622 3105 sitm
639 3055 861 3096 contentus,
881 3044 928 3092 ἐς
943 3044 1115 3101 affirmO,
1131 3057 1176 3087 ut
1186 3045 1329 3103 sc'tpra.

305 3114 411 3152 Cum
437 3119 603 3155 autem,
636 3107 733 3147 sicut
762 3105 907 3148 eadem
933 3103 1129 3159 expositio
1169 3103 1329 3160 subjun-

307 3169 429 3218 gebat
446 3195 460 3217 ,
483 3166 609 3208 dietus
630 3165 781 3207 Mutius
809 3163 1026 3220 plurimum
1046 3163 1212 3218 cupiat,
1237 3177 1331 3205 con-

307 3225 488 3266 cordiam
513 3226 552 3265 &
577 3224 884 3268 transactionem
913 3222 1115 3277 praedifitas
1144 3236 1216 3276 pro
1240 3221 1330 3263 illa—

306 3297 394 3324 rum
414 3282 627 3323 validitate
642 3309 656 3331 a
679 3285 714 3324 &
733 3281 971 3325 fubfisteutia
986 3281 1227 3336 Apostolicae
1245 3283 1332 3323 No-

308 3342 389 3383 ssrae
407 3338 737 3382 Confirmationis
766 3342 914 3383 robore
943 3341 1214 3391 communiri,
1240 3343 1329 3383 No-

308 3401 367 3442 bis
402 3407 615 3451 propterea
644 3399 860 3453 humiliter*
881 3398 1098 3455 supplicari
1126 3397 1255 3448 fecit,
1283 3407 1330 3441 ut

308 3458 375 3499 fibi
399 3456 570 3510 desuper
592 3461 820 3511 opportune
846 3459 1064 3514 providere
1079 3457 1132 3502 de
1148 3458 1330 3514 benigni-

308 3525 398 3557 tate
416 3512 644 3569 Apostolica
672 3515 953 3570 dignaremur.
988 3521 1073 3560 Nos
1099 3517 1225 3573 igitur
1244 3520 1328 3559 Mu·

309 3575 493 3626 tium,&
521 3572 799 3627 AEgidium,&
824 3579 987 3620 Fratres
1009 3576 1219 3634 praedictos
1242 3577 1328 3638 spe-

1426 279 1589 321 cialbus
1632 274 1839 320 favoribus
1866 277 1906 318 δε
1931 274 2073 331 gratiis
2100 276 2288 334 prosequi
2314 280 2456 325 voten—

1425 348 1512 390 tes,
1534 349 1759 391 eorumque
1782 336 1999 391 lingulares
2020 337 2213 378 Personas
2233 340 2311 380 Bac.
2332 342 2375 380 δι
2389 341 2455 382 ab·

1420 397 1567 438 solutas
1594 395 1684 439 fure
1713 395 1923 441 censentes
1947 425 1962 447 ,
1994 392 2218 452 hujusmodi
2247 398 2450 453 supplica-

1420 457 1597 499 tionibus
1626 453 1840 506 inclinati,
1867 455 1921 496 de
1951 457 2054 496 Ven.
2079 457 2269 499 Fratrum
2298 458 2456 500 nostro-¹

1421 528 1509 556 rum
1538 518 1576 556 S.
1599 515 1649 555 R.
1678 515 1725 555 E.
1755 515 2038 557 Cardinalium
2065 515 2241 569 negotiis
2270 516 2453 570 Regula-

1420 574 1520 615 rium
1550 573 1847 628 praepositorum
1876 574 2041 616 consilio
2071 574 2165 616 Tibi
2192 575 2453 619 concordiam

1419 633 1459 673 δε
1486 630 1819 682 transachonem,
1849 649 1894 676 ac
1920 631 2093 687 desuper
2119 631 2324 678 confetStas
2350 647 2452 689 prae.

1422 691 1591 733 insertas
1626 690 1839 745 scripturas
1873 692 2094 745 hujusmodi
2126 706 2217 734 cum
2262 692 2449 736 omnibus

1419 750 1456 790 in
1488 754 1545 791 eis
1579 751 1813 802 contentis,
1842 752 2073 810 Apostolica
2100 750 2353 794 auctoritate
2377 765 2451 795 no-

1415 809 1490 851 stra
1509 836 1523 858 ,
1554 809 1727 851 arbitrio
1756 822 1827 853 tuo
1863 811 2110 866 approbandi
2138 813 2177 853 δι
2204 807 2452 854 confirmans

1414 866 1484 920 di3
1519 882 1563 910 ac
1592 881 1731 908 omnes
1757 872 1796 912 &
1821 869 1992 924 singulos
2019 882 2102 912 tam
2131 870 2228 929 juris
2247 899 2261 923 ‚
2292 869 2447 925 quam-J

1415 924 1505 967 faeti
1539 923 1749 979 defeetus,
1781 929 1803 969 si
1833 930 1899 983 qui
1929 929 2102 983 desuper
2133 929 2448 985 quomodolibet

1416 985 1743 1036 intervenerint,
1771 985 1981 1040 supplendi
2009 983 2248 1031 facultatem
2272 989 2450 1031 auetori-

1414 1054 1498 1086 tate
1526 1043 1711 1098 pra-’dieta
1735 1074 1749 1096 ,
1787 1056 1935 1087 tenore
1965 1046 2217 1100 praesentium
2255 1046 2448 1091 coneedi-

1411 1117 1499 1145 mus
1526 1105 1564 1144 &
1592 1102 1851 1157 impartimur
1874 1133 1885 1146 .
1923 1107 2017 1146 Non
2051 1104 2298 1147 obstantibus
2325 1108 2446 1148 Con-

1415 1162 1715 1213 stituti·›nibus,
1737 1165 1776 1204 δι
1802 1163 2144 1206 Ordinati¹›nibus
2169 1162 2413 1219 Apostolicis
2426 1174 2448 1222 ,⁰

1412 1236 1488 1272 ac,
1518 1230 1712 1277 quatenus
1739 1235 1840 1276 opus
1868 1220 1946 1273 fit,
1973 1222 2068 1263 dieti
2096 1221 2292 1272 Ordinis,
2322 1223 2446 1266 etiam

1410 1279 1643 1338 juramento
1659 1308 1674 1330 ,
1708 1279 2039 1323 Confirmatione
2073 1282 2304 1337 Apostolica
2324 1306 2353 1342 ,3
2372 1282 2440 1325 vel

1410 1340 1548 1394 quavis
1580 1337 1770 1382 firmitate
1804 1339 1883 1384 alia
1919 1340 2121 1396 roboratis
2161 1340 2316 1384 statutis
2340 1369 2356 1391 ‚
2403 1342 2444 1385 &

1411 1397 1797 1449 consuetudinibus,
1830 1399 2078 1456 caeterisque
2105 1399 2322 1442 contrariis
2351 1399 2443 1454 qui-

1410 1455 1667 1513 buscunque.
1706 1460 1855 1500 Datum
1892 1458 2029 1501 Romae
2061 1457 2166 1514 apud
2196 1462 2240 1502 S·
2273 1458 2447 1504 Mariam

1411 1515 1614 1570 Maiorem
1647 1514 1716 1558 sub
1744 1517 1909 1558 Annulo
1945 1516 2152 1560 Piscatoris
2186 1515 2254 1559 die
2283 1529 2460 1560 xvur.r

1408 1574 1502 1631 Julii
1535 1587 1790 1619 mncxxxt.
1824 1574 2089 1621 Pontificatus
2135 1575 2274 1621 Nostri
2315 1576 2446 1621 Anno

1410 1636 1553 1679 octavo
1569 1663 1581 1677 .

1942 1697 2003 1739 Μ.
2017 1696 2069 1737 Α.
2086 1694 2325 1748 Maratdus;
2366 1736 2368 1738 ,

1467 1815 1526 1855 Ex
1543 1811 1696 1867 Regesto
1714 1816 1810 1855 Aut.
1817 1812 1984 1856 Archrvi
2000 1815 2228 1856 secretariae
2250 1801 2446 1865 Breviumf

1518 1871 1825 1925 Apostolicorum
1851 1872 2001 1931 meust,
2034 1871 2087 1922 &⁴
2113 1885 2214 1915 anno
2231 1871 2439 1932 praedibi'is

1508 1927 1590 1989 f0l·
1612 1942 1713 1987 493·

1401 2069 2139 2086 ——fit———u—-n-—ns

2309 2073 2427 2089 *

1573 2166 2332 2214 EPtsToLA·

1471 2281 1587 2334 Sacr.
1618 2281 1819 2353 Congreg.
1854 2283 2042 2351 Epistop.
2073 2286 2128 2334 ὑ·
2157 2286 2363 2358 Regular.

1401 2418 1447 2466 A
1475 2411 1757 2464 Monialibus
1789 2413 2008 2463 Civitatis
2036 2413 2294 2467 Cosentinae
2321 2435 2434 2467 con-

1468 2484 1646 2551 tiguam
1677 2488 1881 2535 Domum
1909 2486 1996 2532 emi
2017 2519 2031 2541 ,
2059 2484 2107 2536 ὅ(
2135 2486 2437 2537 Valetudina-·

1468 2556 1590 2603 rium
1635 2553 1832 2603 construi
1861 2590 1877 2612 ‚
1920 2554 2280 2626 Archiepiscopo
2311 2559 2426 2610 Loci

1468 2639 1776 2678 committitur
1798 2661 1810 2677 0

1513 2753 1680 2811 Illustris
1703 2767 1748 2796 ac
1773 2754 2087 2859 Re?⁶}⁸”d‘fflm⁶
2113 2759 2310 2815 Domine,

1778 2827 1841 2858 ml
1906 2824 2043 2857 rater.

1479 2932 1613 2974 Tante
1635 2930 1927 2984 Amplitudinis
1957 2933 2052 2975 ‘ruae
2087 2933 2321 2985 relatione,
2351 2931 2424 2975 sub>

1507 2990 1632 3034 tertio
1659 2991 1797 3031 menfis
1825 2992 2028 3033 currentis
2066 2990 2162 3034 dara
2195 2995 2301 3035 circa
2333 3004 2422 3033 em—

1391 3054 1603 3105 ptionem,
1629 3062 1705 3102 qua
1735 3049 1932 3091 Moniales
1956 3048 2064 3090 illius
2082 3051 2311 3093 Monasterii
2339 3053 2421 3092 Cat-⁴

1392 3108 1545 3163 pucinae
1578 3109 1752 3150 Domum
1778 3107 1855 3150 διε,
1897 3106 2085 3150 clausurae
2122 3110 2418 3164 incorporare,

1392 3168 1432 3207 &
1451 3165 1801 3209 valetudinarium
1828 3165 2063 3210 construere
2082 3168 2330 3218 intendunt,
2358 3167 2420 3210 11-

1394 3223 1605 3268 lustriffimi
1635 3224 1796 3266 Domini
1825 3225 1903 3267 mei
1933 3224 2175 3281 indulgent,
2202 3239 2245 3270 ut
2275 3228 2418 3284 vigore

1391 3282 1640 3328 auetoritatis
1661 3309 1676 3329 a
1707 3298 1793 3338 quae
1824 3296 1898 3336 per
1926 3283 2043 3327 hasce
2062 3285 2207 3328 Eidem
2247 3283 2414 3329 confer-

1390 3354 1486 3394 tur,
1517 3339 1773 3385 neceffariam
1805 3342 2009 3384 licentiam
2041 3345 2088 3387 iis
2120 3346 2404 3399 impertiatur.

1391 3404 1446 3451 Et
1476 3403 1584 3444 Deus
1611 3402 1686 3447 δίε.
1718 3403 1859 3444 Romae
1888 3414 1948 3445 ιο.
1971 3403 2085 3460 Sept.
2120 3404 2238 3454 1627.

1449 3524 1508 3565 Ex
1523 3521 1614 3573 Reg.
1634 3521 1780 3563 Secrct.
1799 3524 1986 3577 Congreg.
2003 3521 2121 3581 nmfi
2140 3520 2193 3572 ἐφ’
2204 3487 2296 3565 amr.
2309 3526 2417 3577 prae-

1502 3576 1596 3621 dm.
1611 3577 1695 3636 sol.
1710 3591 1810 3637 4¹4·

2193 3817 2351 3860 NOTA
