2664 4114
313 354 379 383 mo
403 332 609 394 trigesimo
640 338 787 391 quarto
806 360 820 383 ‚
852 331 1071 376 undecimo
1093 334 1187 379 Kal.
1220 339 1365 381 Martii

312 397 579 443 pontificatus
609 395 732 438 nostri
765 405 871 434 anno
898 393 1057 448 primo.

369 516 488 558 Balla
506 512 694 571 formata
719 514 763 551 in
790 511 888 551 Arc.
919 512 1193 563 Martialium,
1218 512 1263 553 de
1279 526 1359 568 qua

424 569 719 674 ἷζεζίηῗέἑθκῖαῑῇ.
751 568 794 610 in
810 568 934 612 Arch.
953 572 1143 614 Generali
1173 571 1268 614 Ord.
1301 574 1360 614 lo-

721 767 1359 787 —-·*—-——-—

312 773 425 789 0-—

316 868 453 918 Idem
485 865 821 918 Monasterium
859 871 906 919 in
938 871 1030 920 alio
1068 871 1246 938 aptiore
1272 867 1361 919 situ

377 937 607 988 construi:
638 937 695 987 ad
722 957 933 990 normam
965 942 1165 990 aliorum
1195 944 1360 990 Mona-

376 1008 623 1060 steriorum
646 1010 840 1060 Ordinis
870 1010 1116 1082 gubernari
1135 1047 1151 1070 ‚
1170 1010 1219 1062 δε
1245 1010 1360 1060 duo-

374 1079 619 1130 denarium
641 1083 924 1132 Monialiurn
950 1099 1196 1132 numerum
1218 1079 1358 1149 usque

372 1151 430 1200 ad
456 1153 651 1221 triginta
688 1166 780 1201 tres
814 1155 973 1224 augeri
1006 1153 1255 1203 concedit.

283 1260 286 1263 .
334 1282 370 1323 A
401 1289 524 1336 tergo
541 1309 552 1321 .
591 1279 759 1324 Ditem·
784 1281 826 1323 in
857 1281 1008 1340 Christo
1035 1283 1155 1327 Filiae
1179 1284 1329 1325 Mariae

386 1338 623 1382 Laurentia
642 1345 783 1394 Longae
802 1340 1016 1399 Abbatiffic
1032 1340 1269 1398 Monasteria·

434 1401 474 1439 S.
491 1396 643 1440 Maria·
657 1398 700 1439 in
713 1399 954 1456 Jerusalem.
968 1402 1227 1454 Neapolitan.

307 1518 757 1571 PAULUS
844 1518 1127 1568 PAPA
1215 1521 1353 1569 111.

429 1635 592 1678 DilebJa
621 1634 665 1676 in
699 1633 851 1693 Christo
881 1633 991 1678 Filia
1008 1612 1221 1690 sblutem,

477 1694 526 1742 δ’
553 1692 810 1752 Apostolicam
836 1694 1171 1751 Benedib‘t‘t'onem.

438 1813 530 1858 Lias
563 1816 649 1859 Nos
678 1811 968 1858 Mouasterium
997 1812 1241 1858 Monialium
1278 1812 1347 1857 sub

455 1875 717 1918 invocatione
733 1877 863 1917 Beatae
880 1874 1016 1918 Mariae
1041 1874 1094 1916 de
1114 1872 1344 1929 Jerusalem

298 1939 404 1985 apud
423 1934 633 1988 Hospitale
656 1948 882 1989 pauperum
904 1933 1160 1976 infirmorum
1185 1934 1344 1976 incura-

296 1991 442 2034 bilium
469 1995 622 2035 Sanfftae
653 1994 789 2035 Mariae
815 1995 870 2037 de
893 1993 1051 2048 Populo
1070 1993 1345 2049 Neapolitano

299 2051 339 2092 in
369 2049 544 2105 quodam
562 2050 656 2092 loco
673 2080 686 2102 ,
708 2053 806 2094 inibi
833 2064 904 2107 per
923 2054 985 2093 Te
1009 2051 1247 2108 designato,
1262 2051 1343 2108 jam

297 2119 394 2151 tunc
426 2110 603 2151 construi
635 2111 847 2163 inceptum
879 2125 953 2166 pro
983 2125 1059 2153 una
1092 2110 1303 2155 Abbatiffa
1325 2140 1340 2162 ,

299 2179 344 2211 ac
376 2168 600 2210 duodecim
621 2170 869 2213 Monialibus
885 2170 1020 2212 Tertii
1046 2170 1215 2213 Ordinis
1244 2173 1343 2214 San-

296 2227 349 2269 ἇὶί
377 2227 609 2278 Francisci‚
641 2226 751 2282 juxta
776 2230 982 2285 Regulam
1014 2233 1163 2272 sanaae
1193 2230 1343 2281 Clarae,

297 2286 375 2328 tria
407 2295 502 2328 vota
528 2286 729 2342 regularia
746 2288 1024 2330 dietiOrdinis
1039 2288 1344 2343 profitentibus,

296 2345 336 2387 in
359 2355 531 2400 quarum
558 2357 731 2388 numero
746 2346 903 2401 septem
933 2348 1149 2390 Conversae
1166 2377 1180 2399 ,
1196 2350 1233 2390 &
1257 2351 1348 2391 Ser-

295 2404 458 2446 vientes
481 2403 619 2446 eidem
647 2406 897 2448 Monasterio
913 2419 988 2460 per
1016 2408 1077 2449 Te
1100 2407 1345 2462 deputandae

294 2474 373 2509 non
403 2464 859 2519 comprehenderentur
873 2493 887 2516 ‚
907 2466 947 2505 &
963 2478 1046 2520 quae
1078 2465 1178 2507 inibi
1195 2465 1261 2507 sub
1278 2479 1344 2507 re-

293 2522 423 2577 gulari
451 2523 708 2566 observantia
743 2524 837 2566 dieti
855 2523 1048 2572 Ordinis,
1079 2526 1119 2565 &
1145 2534 1342 2579 perpetua

294 2579 478 2623 clausura
501 2608 515 2631 ,
546 2595 593 2623 ac
630 2583 888 2638 protectione
920 2583 1036 2626 Sedis
1067 2583 1309 2639 Apostolicae
1329 2612 1344 2636 ,

296 2641 337 2681 δι
360 2654 455 2682 cura
486 2641 601 2683 unius
624 2638 872 2684 Confefforis
899 2641 1134 2693 secularis,
1161 2642 1228 2684 vel
1255 2645 1342 2685 Re-

294 2698 449 2754 gularis
467 2712 540 2753 pro
557 2698 679 2741 Miffis
704 2699 967 2742 celebrandis
982 2728 996 2751 ,
1020 2702 1061 2742 &
1074 2714 1212 2744 earum
1229 2704 1343 2744 Con-

291 2757 521 2800 sessionibus
537 2757 817 2810 audiendis,ac
832 2762 1103 2803 Sacramentis
1119 2759 1344 2802 ministran-

293 2816 358 2860 dis
374 2817 613 2867 dumtaxat,
632 2818 671 2859 in
688 2817 959 2869 sacerdotio,
992 2820 1032 2859 &
1055 2829 1173 2860 aetate
1198 2832 1346 2875 prove—

290 2879 352 2918 ἃᾶ
369 2875 604 2928 constituti,
620 2876 947 2933 exemplarisque
964 2877 1082 2928 vitae‚
1104 2879 1142 2919 &
1157 2878 1343 2932 Religio·

289 2936 351 2978 nis
367 2934 592 2987 zelatoris,
606 2948 676 2990 per
694 2937 967 2991 Te,quamdiu
985 2937 1214 2987 viveres‚&
1227 2935 1342 2978 dein-

286 2994 343 3036 de
373 3007 447 3048 per
470 2992 745 3043 Abbatiffam‚
777 2997 815 3037 δε
842 2994 1035 3050 majorem
1063 3006 1222 3051 partem
1246 2998 1334 3037 Mo-

285 3053 456 3095 nialium
481 3050 743 3108 professarum
763 3054 997 3097 Monasterii
1025 3054 1250 3110 hujusmodi
1266 3052 1337 3096 eli.

285 3110 439 3166 gendi,
472 3112 671 3155 Altiffimo
687 3108 1009 3165 famularentur3
1045 3127 1121 3155 nec
1149 3127 1228 3156 non
1246 3115 1337 3155 Mo-

286 3171 503 3213 nasterium
537 3171 691 3227 ipsum,
723 3173 802 3214 nisi'
827 3173 867 3214 in
905 3174 995 3215 casu
1037 3183 1233 3214 extremae
1261 3185 1334 3213 ne-

285 3228 478 3270 cessitatis
496 3257 508 3278 ‚
538 3233 577 3272 δι
598 3246 667 3284 per
681 3242 828 3287 paucos
853 3230 942 3274 dies
957 3260 971 3283 ,
989 3230 1139 3288 absque
1153 3231 1333 3282 licentia,

284 3287 325 3325 δε
354 3285 547 3328 consensu
579 3290 749 3344 Majoris
782 3291 909 3346 partis
942 3290 1186 3333 Monialium
1217 3291 1333 3341 exire

286 3344 503 3395 valerent,
534 3349 613 3388 sme
644 3350 815 3403 alicujus
846 3349 1084 3406 praejudicio
1112 3348 1335 3400 ereximus,

285 3416 333 3443 ac
349 3404 459 3454 Tibi,
476 3414 518 3446 ut
535 3403 617 3446 viti
632 3406 701 3447 tufi
719 3409 911 3459 durante,
928 3407 1217 3452 Monasterium
1231 3407 1336 3464 ejus-

286 3461 427 3512 modi,
461 3462 575 3514 cuius
607 3468 810 3509 Moniales
843 3469 934 3511 Tibi
960 3478 1151 3524 tanquam
1181 3468 1335 3518 Matri,

286 3521 326 3560 ὃς
344 3522 548 3574 Superiori
565 3523 734 3566 obedire
748 3537 1008 3578 tenerentur,
1025 3540 1189 3584 regere,
1203 3528 1243 3568 &
1257 3542 1332 3583 gu-

286 3580 456 3622 bernare
476 3607 490 3628 a
522 3596 567 3623 ac
602 3593 673 3635 pro
705 3585 899 3638 regimine
921 3614 935 3636 ,
967 3587 1047 3629 ritu
1066 3615 1081 3638 ,
1112 3586 1329 3637 moribus,

283 3637 466 3693 regulari
494 3638 750 3683 observantia
768 3671 781 3693 ,
812 3645 853 3685 δι
880 3645 1040 3689 illarum
1067 3644 1327 3688 instructione

283 3710 402 3738 unam
422 3724 436 3746 ‚
468 3698 532 3738 vel
548 3698 645 3741 duas
675 3700 845 3755 cujusvis
861 3704 1025 3757 Ordinis
1058 3704 1259 3747 Moniales
1275 3705 1325 3747 ad

282 3755 323 3819 id
361 3755 637 3806 voluntarias,
670 3771 755 3814 quae
783 3761 836 3802 de
866 3760 1029 3804 suorum
1062 3764 1328 3819 Super-iorum

282 3813 448 3857 licentia
476 3814 527 3856 ad
552 3816 704 3859 dit‘tum
720 3821 1014 3864 Monasterium
1037 3821 1079 3866 se
1103 3820 1327 3867 transferre

1176 216 1737 309 Provincia.

1427 342 1642 394 valerent,
1673 355 1748 396 pro
1778 339 1852 381 hac
1882 338 2009 395 prima
2039 338 2130 381 vice
2158 340 2360 396 postulare
2384 369 2398 392 ‚
2430 342 2470 384 δε

1423 415 1545 443 unam
1567 396 1618 444 ex
1641 402 1699 441 eis
1718 427 1732 450 ,
1763 409 1952 454 tempore
1979 396 2114 440 obitus
2141 400 2230 451 tui,
2261 402 2300 444 in
2329 400 2472 444 Abba-

1419 458 1548 502 tiffam
1571 460 1728 514 eligere
1743 487 1758 509 ‚
1789 460 1828 500 &
1850 459 2080 514 deputare3
2111 459 2151 500 δε
2174 460 2365 503 nonnulla
2388 460 2467 503 alia

1420 528 1519 561 tunc
1537 515 1715 573 expressa
1731 515 1868 560 facere
1885 517 2047 559 valeres
2065 544 2079 567 ‚
2094 516 2259 574 ipseque
2274 532 2468 563 numerus

1420 575 1695 618 duodenarius
1710 578 1851 631 augeri
1865 591 1944 618 non
1963 575 2104 631 poffet.
2120 579 2180 620 Ac
2194 578 2394 620 Rectores
2408 577 2472 619 di-

1420 636 1472 677 eti
1488 633 1709 688 Hospitalis
1724 635 1777 678 de
1792 633 1974 692 ejusdem
1990 635 2212 692 Hospitalis
2227 636 2342 679 bonis
2356 636 2468 683 Tibi,

1419 693 1712 745 acAbbatiffae,
1726 695 1766 735 &
1783 695 2030 737 Monialibus
2049 695 2143 736 dieti
2161 695 2393 740 Monasterii
2409 694 2472 736 vi-

1421 753 1500 794 ctui
1521 751 1741 795 neceffaria
1755 781 1769 805 ,
1800 765 1924 810 prout
1943 763 2040 796 tunc
2060 753 2267 797 faciebant
2281 781 2296 805 ,
2321 753 2475 810 absque.

1421 810 1681 855 conscientiae
1698 811 1891 869 scrupulo
1909 813 2130 856 ministrare
2145 826 2161 865 3
2178 811 2341 868 ipseque
2355 815 2471 855 Con-

1421 867 1542 913 felsor
1560 869 1753 914 nonnulla
1777 883 1876 915 tunc
1894 871 2074 928 expreffa
2092 871 2229 914 facere
2246 871 2437 915 valerent
2453 898 2470 922 ‚

1421 927 1684 971 conceffimus
1698 943 1712 981 3
1727 944 1773 971 ac
1794 930 2083 974 Monasterium
2105 929 2233 987 ipsum
2248 929 2469 985 ,illiusque

1421 989 1556 1039 bona,
1586 989 1761 1044 Teque,
1794 1003 1839 1030 ac
1859 988 2139 1041 Abbatissam,
2170 992 2211 1030 ἃ.
2238 989 2470 1039 Moniales,

1417 1061 1493 1104 pro
1507 1058 1694 1102 tempore
1712 1045 1930 1090 existentes
1959 1046 2026 1088 sub
2048 1049 2158 1089 Beati
2175 1050 2317 1096 Petri,
2343 1049 2383 1089 &
2398 1051 2471 1090 Se·-

1419 1107 1482 1150 dis
1499 1106 1744 1163 Apostolicae
1766 1120 1811 1148 ac
1839 1106 1986 1148 Nostra
2014 1106 2272 1161 protectione
2300 1105 2471 1160 suscepi·-

1420 1179 1533 1215 ωας,
1564 1167 1604 1208 &
1627 1167 1679 1207 ab
1702 1167 1814 1208 omni
1838 1163 2147 1220 jurisdistione,
2179 1165 2219 1206 δι
2245 1162 2471 1219 superiori-

1420 1234 1508 1268 tate
1539 1224 1621 1267 loci
1647 1224 1886 1274 Ordinarii,
1913 1238 1991 1280 pro
2006 1234 2194 1277 tempore
2226 1223 2469 1271 existentis,

1419 1284 1644 1327 exemimus
1660 1312 1674 1335 ,
1701 1284 1810 1326 inter
1827 1283 1903 1326 alia
1919 1297 1994 1338 per
2011 1282 2200 1339 quasdam
2218 1282 2380 1324 Nostras
2397 1280 2469 1323 sub

1419 1345 1571 1386 Datum
1603 1342 1803 1386 videlicet
1831 1343 2050 1385 undecimo
2076 1341 2157 1383 kal.
2192 1340 2331 1383 Martii
2359 1343 2469 1382 Pon-

1419 1400 1592 1445 tificatus
1614 1401 1737 1444 nostri
1765 1403 1888 1444 Anno
1914 1402 2043 1458 primo
2070 1399 2272 1443 consectas
2298 1400 2467 1451 literas,

1418 1472 1539 1516 prout
1555 1462 1593 1504 in
1613 1461 1699 1502 illis
1732 1459 1890 1517 plenius
1905 1461 2145 1502 continetur
2161 1488 2173 1500 .
2213 1503 2215 1505 ,
2464 1494 2466 1502 1

1477 1522 1584 1561 Cum
1599 1530 1737 1562 autem
1750 1550 1764 1572 ,
1782 1521 1881 1563 ficut
1896 1520 2076 1562 exhibita
2093 1518 2223 1560 Nobis
2238 1529 2372 1567 nuper
2387 1531 2464 1574 pro

1419 1588 1536 1634 parte
1552 1579 1636 1620 Tua
1655 1578 1803 1633 petitio
1819 1579 2087 1626 continebat,
2102 1579 2215 1620 locus
2230 1578 2464 1632 designatus

1413 1637 1602 1693 praefatus
1617 1662 1629 1684 a
1645 1651 1766 1693 quem
1786 1637 1864 1693 jam
1880 1638 1940 1678 Tu
1954 1666 1967 1688 ,
1981 1639 2020 1678 δε
2035 1637 2120 1678 aliae
2135 1636 2359 1679 duodecim
2372 1638 2467 1678 Mo-

1410 1696 1539 1738 niales
1554 1724 1568 1746 ,
1594 1697 1634 1736 &
1658 1696 1813 1751 septem
1836 1694 2054 1740 Conversae
2077 1695 2269 1751 praedietae
2285 1691 2464 1750 ingreffae

1411 1752 1535 1797 fuistis
1549 1783 1563 1804 ,
1577 1755 1708 1797 minus
1720 1770 1844 1808 capax
1861 1769 1937 1812 pro
1952 1753 2200 1798 Monasterio
2215 1752 2464 1797 Monialium

1411 1813 1639 1869 hujusmodi
1661 1814 1803 1856 existat
1817 1841 1831 1864 ,
1857 1814 2078 1869 praesertim
2095 1827 2187 1856 cum
2205 1812 2346 1868 plures
2363 1811 2478 1866 zelo,

1405 1873 1637 1915 devotionis
1654 1901 1669 1924 ,
1699 1875 1740 1915 &
1759 1873 1987 1927 Religionis
2005 1871 2173 1913 induc'tae
2196 1870 2463 1926 cupiantuna.

1407 1942 1544 1975 tecum
1574 1933 1614 1973 in
1644 1931 1890 1974 Monasterio
1915 1931 2083 1988 praefato
2103 1929 2304 1972 Altiffimo
2329 1929 2463 1972 samu-

1409 1992 1482 2035 lari
1501 2005 1577 2042 ,ac
1602 2005 1676 2046 pro
1698 2002 1815 2047 parte
1845 2001 1913 2033 tua
1941 1990 2069 2033 Nobis
2095 1987 2218 2032 suerit
2245 1988 2462 2032 humiliter

1407 2051 1704 2106 supplicatum,
1736 2063 1781 2093 ut
1812 2052 1849 2092 in
1882 2047 2112 2104 praemislis,
2146 2049 2339 2105 quodque
2371 2050 2465 2089 Mo-

1407 2110 1620 2153 nasterium
1647 2112 1773 2164 1plum
1789 2138 1802 2160 ,
1819 2120 1944 2161 prout
1959 2108 2038 2151 alia
2068 2107 2254 2163 ejusdem
2289 2105 2462 2150 Ordinis

1407 2169 1650 2213 Monasteria
1678 2170 1925 2225 regatur,&
1952 2168 2237 2223 gubernetur,
2262 2177 2461 2222 opportu-

1405 2230 1458 2272 ne
1485 2227 1729 2283 providere,
1760 2229 1921 2284 aliaque
1953 2224 2211 2282 infrascripta
2245 2227 2460 2268 Tibicon-

1409 2288 1577 2338 cedere,
1597 2287 1649 2328 de
1667 2288 1920 2343 benignitate
1936 2285 2166 2341 Apostolica
2180 2285 2459 2340 dignaremur.

1409 2352 1497 2390 Nos
1525 2344 1752 2402 hujusmodi
1777 2344 2136 2401 supplicationibus
2168 2344 2352 2386 inclinati
2386 2355 2460 2384 vo·

1406 2407 1568 2457 lumus,
1600 2408 1638 2446 &
1665 2406 1901 2459 Apostolica
1929 2403 2181 2447 authoritate
2195 2403 2289 2444 Tibi
2306 2415 2458 2444 conce-

1406 2466 1568 2516 dimus,
1599 2475 1642 2505 ut
1670 2466 1735 2506 Tu
1756 2491 1770 2511 a
1801 2478 1888 2519 quae
1915 2461 2157 2505 infirmitate
2198 2460 2360 2504 forlitan
2393 2460 2459 2502 in-

1405 2523 1577 2567 curabili
1606 2534 1766 2579 gravata
1783 2550 1798 2572 a
1821 2526 1857 2564 &
1873 2536 1993 2578 quam
2012 2522 2049 2563 in
2068 2517 2317 2563 Abbatiffam
2333 2547 2348 2571 ,
2365 2522 2455 2562 Ma-

1407 2593 1541 2633 trem,
1572 2584 1612 2624 &
1638 2583 1900 2637 Superiorem
1929 2581 2023 2622 dicti
2054 2578 2289 2622 Monasterii
2316 2577 2461 2635 praefe-

1404 2644 1559 2691 cimus,
1586 2641 1873 2687 Monasterium
1891 2638 2119 2697 hujusmodi
2139 2639 2176 2680 in
2194 2652 2456 2694 quocumque
2509 2663 2512 2667 ·

1406 2702 1486 2745 alio
1513 2701 1637 2751 loco,
1669 2699 1855 2743 (imiliter
1890 2699 1970 2742 fine
1993 2697 2165 2756 alicujus
2190 2696 2429 2755 praejudicio
2446 2725 2461 2749 ,

1407 2759 1581 2802 construi
1614 2758 1752 2803 facere
1780 2760 1942 2802 valeas„
1974 2761 2261 2801 Decernentes
2289 2754 2457 2812 ipsum.-

1406 2819 1695 2862 Monasterium
1711 2847 1725 2870 ,
1743 2819 1902 2861 noviter
1917 2816 2232 2860 construendum
2264 2829 2337 2871 per
2363 2814 2426 2858 Te
2443 2843 2459 2868 2

1404 2878 1604 2934 quamdiu
1640 2873 1823 2928 vixeris,
1856 2878 1893 2918 &
1925 2875 2077 2919 deinde
2110 2889 2185 2931 per
2214 2876 2335 2918 aliam
2369 2874 2458 2917 Ab·

1401 2934 1582 2980 batiss'am
1596 2963 1610 2984 a
1627 2950 1699 2992 per
1713 2938 1829 2991 ipfius
1845 2950 1922 2993 pro
1938 2945 2124 2990 tempore
2147 2933 2351 2977 Moniales
2380 2932 2456 2975 eli.

1401 2995 1598 3051 gendam,
1631 3006 1751 3051 prout
1769 2997 1846 3038 alia
1868 2993 2048 3052 ejusdem
2062 2992 2229 3035 Ordinis
2247 2992 2450 3034 Monaste.

1399 3055 1457 3097 ria
1485 3063 1714 3109 reguntur,
1747 3056 1787 3095 &
1812 3055 2119 3109 gubernantur,
2152 3052 2267 3108 regi,
2298 3052 2338 3092 ὅτ.
2375 3065 2456 3106 gu·

1397 3113 1592 3162 bernari,
1632 3113 1673 3153 in
1708 3111 1897 3168 dictoque
1935 3111 2191 3162 constructo,
2237 3109 2301 3153 vel
2347 3123 2452 3153 con-

1398 3172 1589 3215 struendo
1617 3170 1894 3223 Monasterio,
1926 3183 2005 3212 non
2037 3168 2167 3212 solum
2194 3167 2416 3211 duodecim
2436 3194 2451 3218 ,

1393 3231 1460 3275 sed
1491 3232 1615 3273 etiam
1632 3230 1800 3285 triginta
1831 3240 1913 3273 tres
1940 3229 2142 3272 Moniales
2161 3256 2175 3278 a
2208 3227 2288 3270 fine
2306 3237 2444 3270 tamen

1394 3290 1491 3332 disti
1519 3285 1740 3344 Hospitalis
1756 3303 1881 3332 onere
1894 3320 1909 3341 ‚
1929 3288 2085 3331 includi
2114 3285 2224 3343 poffe
2240 3316 2253 3339 ,
2269 3285 2447 3342 illasque

1395 3351 1459 3392 Te
1481 3349 1698 3402 recipere3
1734 3351 1774 3390 &
1799 3349 1991 3404 praedissae
2018 3346 2272 3396 duodecim,
2305 3345 2444 3387 &aliae

1395 3408 1530 3465 postea
1556 3406 1605 3450 ad
1622 3408 1819 3450 Habitum
1834 3438 1848 3459 ‚
1862 3410 1901 3450 &
1930 3406 2219 3450 Monasterium
2239 3402 2446 3457 hujufino-

1395 3467 1438 3510 di
1469 3467 1742 3523 recipiendae,
1778 3466 1860 3510 vitd
1889 3466 1958 3509 tua
1988 3466 2199 3513 durante,
2231 3459 2444 3517 professio-

1394 3537 1488 3569 nem
1515 3526 1553 3567 in
1569 3526 1741 3580 alicujus
1769 3525 2027 3582 personae,in
2057 3522 2275 3578 Dignitate
2292 3520 2444 3563 Eccle·
2517 3542 2519 3544 v

1390 3585 1540 3628 fiastica
1566 3583 1790 3629 constituta:
1814 3600 1888 3642 per
1914 3587 1976 3627 Te
1995 3611 2009 3634 ‚
2041 3584 2081 3624 &
2103 3579 2190 3635 post
2206 3588 2436 3645 ’mortem-2

1389 3655 1498 3688 tuam
1515 3657 1586 3699 per
1603 3641 1849 3687 Abbatiffam
1866 3642 1983 3699 ipfius
2001 3638 2231 3684 Monasteni
2248 3652 2322 3693 pro
2338 3647 2441 3681 tem.

1390 3718 1491 3759 pore
1521 3703 1761 3746 existentem
1796 3701 1998 3757 eligendae
2027 3698 2216 3741 manibus
2243 3697 2439 3740 emittere

1391 3772 1639 3814 teneantur3
1671 3765 1708 3804 δι
1735 3776 1812 3805 non
1845 3761 1973 3803 solum
1990 3769 2181 3814 tempore
2207 3754 2438 3804 obituum,

1387 3832 1435 3868 ut
1459 3819 1780 3879 praefertur,sed
1804 3820 1929 3866 etiam
1954 3828 2088 3872 ante,
2116 3818 2156 3875 ὃς
2183 3815 2437 3915 (χιιεηᾰεέᾞ-

2355 3889 2367 3916 1
