2618 4108
872 255 1726 377 Monferratenfis.

591 374 707 427 Alio
736 378 949 445 exemplo
967 410 980 428 .

1335 381 1509 423 nostram
1524 386 1608 423 dita
1618 384 1671 424 vit
1686 411 1700 432 ‚
1721 395 1814 424 cum
1829 374 1916 426 Nos
1933 381 2166 425 Christiano
2178 298 2369 427 05b19nu-

1335 453 1407 495 per
1435 437 1615 495 praesecit
1636 467 1651 490 ,
1676 440 1747 482 nifi
1775 455 1939 484 omnem
1962 455 2156 497 operam,
2185 445 2369 486 authori-

244 497 283 539 A
303 503 450 551 terge.
486 494 644 539 numo
664 494 796 543 mio,
819 491 957 537 Nobili
986 491 1102 548 Vtro,
1124 496 1276 550 Joanm‘
1338 508 1548 554 ratemque
1582 499 1757 542 nostram
1794 502 1842 544 ad
1871 501 2100 545 Catholicae
2137 503 2366 557 Religionis

372 553 551 598 olderico
564 583 581 606 ‚
609 553 756 598 Bao-oni
782 551 827 596 dr
851 552 1157 611 Ecchmbcrgb.

242 673 837 728 GREGORIUS
886 676 1099 725 PAPA
1155 677 1272 726 XV.

322 790 479 838 nuens
498 792 607 841 Fui,
629 784 784 834 Nobilis
819 791 885 834 ver
898 819 914 842 ,
941 792 1117 836 Salutem
1145 791 1199 843 ὠ·

458 849 717 909 qustolicane
741 847 1041 895 benedlfflonem
1054 879 1068 892 .

310 972 313 973 ’
371 965 563 1012 Obilitati
580 968 676 1014 Tuae
690 967 760 1012 has
775 969 926 1014 nostras
945 968 1104 1012 litteras
1122 967 1273 1012 reddet

388 1026 571 1071 Dilectus
590 1026 746 1079 Filius,
770 1030 918 1073 Frater
945 1029 1196 1085 Hyacinthus
1218 1027 1274 1071 de

235 1086 374 1132 Casali
391 1115 407 1141 ,
418 1100 470 1131 ex
483 1085 644 1130 Ordine
656 1088 956 1143 Capucinorum
971 1115 987 1138 ‚
1016 1100 1138 1143 quem
1163 1099 1271 1128 nunc

233 1146 436 1190 mittimus
474 1144 529 1190 ad
554 1144 837 1193 Charissimum
850 1147 892 1189 in
922 1145 1087 1190 Christo
1123 1145 1268 1187 Filium

233 1203 752 1258 Nostrum,1=etdinandum
767 1206 1062 1263 Imperatorem
1075 1202 1268 1254 electum,

232 1273 279 1308 ut
301 1277 396 1307 cum
423 1260 512 1317 ejus
540 1261 756 1316 Maiestate
778 1262 832 1306 de
867 1262 989 1306 rebus
1015 1263 1151 1318 magni
1185 1276 1268 1304 mo-

232 1321 364 1368 menti
384 1349 404 1373 a
430 1321 470 1364 δι
498 1320 548 1364 ad
572 1320 809 1364 Christianae
834 1319 1086 1378 Reipublicae
1111 1321 1265 1363 utilita-

230 1391 321 1427 tem
349 1378 523 1422 maxime
549 1377 849 1434 pertinentibus
882 1379 1019 1424 nostro
1048 1380 1262 1425 Nomine,

228 1448 324 1498 agat
335 1465 351 1480 .
382 1439 503 1485 Hunc
516 1447 654 1480 autem
672 1439 814 1486 Virum
835 1437 1066 1494 delegimus
1080 1469 1096 1490 ,
1110 1439 1177 1496 qui
1192 1440 1257 1482 in-

227 1498 428 1555 tegritate
447 1524 465 1550 ,
504 1494 726 1553 prudentia
748 1527 764 1551 ,
802 1496 930 1541 divini
971 1500 1137 1542 honoris
1164 1498 1257 1541 zelo

226 1557 362 1603 Nobis
375 1553 596 1599 admodum
618 1555 676 1600 est
690 1555 883 1613 probatus
896 1585 911 1609 ,
941 1558 985 1599 δι
997 1558 1064 1614 qui
1081 1557 1256 1601 munda-

227 1617 290 1662 nis
303 1615 426 1666 rebus
438 1613 626 1658 omnibus
637 1615 871 1673 posthabitis
886 1644 902 1669 ,
934 1615 1176 1673 penitusque
1190 1630 1259 1660 ne·-

227 1675 373 1736 gleetis
391 1703 408 1727 ‚
436 1671 481 1716 id
507 1685 631 1716 unum
655 1672 817 1732 semper
841 1673 1022 1732 speetu,
1051 1686 1097 1718 ut
1121 1676 1162 1719 in
1180 1673 1259 1719 suis

227 1732 403 1783 consiliis
415 1759 432 1786 ,
459 1733 500 1777 δι
520 1732 744 1780 afflouibus
760 1735 841 1781 nei
865 1734 1053 1779 voluntas
1069 1764 1084 1789 ,
1111 1735 1152 1777 δι
1163 1734 1257 1790 glo—-

227 1795 289 1838 ria
315 1791 519 1849 perpetuo
532 1790 795 1846 inveniatur,
828 1793 1175 1850 quemadmodum
1202 1807 1256 1838 ex

225 1853 338 1897 illius
353 1845 566 1908 congreffu
586 1848 711 1896 facile
729 1850 960 1908 perspicere
976 1854 1131 1909 potaris
1145 1881 1159 1898 .
1189 1855 1258 1896 Ab

226 1914 305 1955 hoc
319 1910 445 1966 igitur
462 1908 671 1953 Nobilitas
695 1912 784 1954 Tua
813 1914 893 1956 uni
907 1926 1000 1956 cum
1032 1912 1089 1955 his
1118 1911 1259 1955 nostris

225 1971 378 2014 litteris
397 1966 672 2023 Apostolicam
694 1969 873 2011 nostram
899 1969 1228 2014 benedietionem
1241 1996 1257 2019 2

223 2041 347 2086 quam
365 2026 459 2071 'ribi
480 2025 746 2074 amantiffime
761 2029 1021 2084 impartimur
1035 2057 1050 2082 ,
1064 2029 1258 2085 accipiet,

225 2087 292 2131 cui
307 2085 689 2129 nostroTeNomine
701 2083 931 2145 alloquenti
944 2101 1035 2132 eam
1051 2086 1175 2131 fidem
1191 2090 1260 2131 ha-

224 2146 342 2191 bebis
357 2171 374 2196 ‚
402 2157 522 2202 quam
537 2144 671 2188 Nobis
684 2143 778 2201 ipfis
788 2141 1049 2202 praesentibus
1070 2148 1263 2200 haberes,

225 2207 288 2251 Ut
302 2213 441 2247 autem
459 2201 512 2245 de
527 2211 600 2245 tua
614 2203 814 2258 praestanti
827 2204 981 2248 virtute
993 2234 1010 2257 ‚
1040 2220 1087 2250 ac
1109 2208 1264 2261 pietate

224 2260 488 2322 preclare(ut
502 2273 575 2316 par
589 2259 940 2318 est)sentimua,ita
953 2256 1182 2324 persuasum
1196 2267 1266 2309 ba-

228 2327 372 2367 bemus
387 2346 402 2369 ,
419 2319 565 2363 Virum
577 2322 602 2364 ῖι
617 2319 748 2373 Nobis
761 2319 919 2365 miffum
935 2333 1122 2367 amanter
1139 2338 1265 2368 exce-

229 2391 415 2440 pturum,
423 2379 464 2421 δι
476 2377 532 2426 de
543 2380 1262 2439 communiChristianaeReipublicae,

229 2435 615 2543 3502‘120333555
617 2440 779 2541 ’ωέἒῖῗ
799 2440 908 2542 ‘'23³¹‘’
932 2450 1149 2544 ‘fizssff‘z'z‘ss
1183 2442 1263 2543 ⁰3·

230 2526 334 2613 opus
349 2556 475 2600 fuerit
487 2585 504 2607 ,
534 2524 709 2599 solliciite
723 2512 987 2615 adssiitur’ttn‘i3
1018 2559 1061 2602 in
1075 2516 1265 2617 quomszing

233 2618 373 2672 gratie
393 2614 599 2659 cumulum
613 2614 639 2659 ὲ
654 2618 747 2673 Deo
771 2617 892 2672 inibis
906 2648 923 2669 ,
955 2619 1094 2662 nostrae
1111 2621 1210 2663 vero
1223 2620 1266 2662 in

232 2678 300 2718 Te
312 2686 486 2732 paternae
498 2673 701 2717 charitati
711 2687 896 2734 magnam
912 2676 1176 2722 accessionem
1191 2677 1267 2721 ad-

229 2733 1270 2851 ffiffiissssg'ss'ffffi‘gffffiiilfii'ssifflss'ssi‘sffiffliffi

231 2852 436 2907 Maiorem
463 2848 534 2893 sub
548 2852 716 2896 Annulo
737 2850 952 2896 Piscatoris
980 2853 1051 2897 die
1076 2869 1169 2897 xxv.
1194 2857 1267 2911 Ju-

230 2909 288 2955 nii
303 2921 504 2958 sancxxt.
528 2909 795 2957 Pontificatus
821 2911 944 2956 nostri
972 2926 1080 2956 anno
1098 2914 1235 2970 primo
1252 2943 1265 2957 .

289 3033 353 3076 lx
369 3028 490 3077 Arch-
514 3031 599 3075 γαν.
625 3032 781 3075 secrato
796 3028 953 3088 Regesto
978 3030 1154 3091 &enfil-
1175 3032 1270 3088 163.

237 3170 356 3188 μ

238 3271 419 3328 Eodem
451 3272 728 3341 argumento
754 3305 772 3331 ,
805 3269 858 3325 ἃ
886 3273 978 3322 alio
1011 3274 1267 3344 Exemplo.

323 3390 458 3436 Eidem
471 3389 629 3444 {Ioanni
638 3388 788 3432 Bao-om·
800 3390 847 3432 de
871 3388 1155 3447 Ecobembergb
1167 3408 1196 3435 .·

273 3507 793 3565 GREGORIUS
843 3511 1066 3561 PAPA
1118 3515 1232 3563 XV.

320 3629 475 3674 Dileffe
499 3628 611 3680 Fili,
633 3626 788 3672 Nobmr
815 3628 911 3680 Vir,
934 3632 1112 3675 salntem
1143 3630 1194 3679 δ’

447 3686 705 3747 qustoh’cam
733 3687 1029 3732 benedt'Ht‘onem
1042 3719 1054 3731 .

363 3807 609 3851 Buteremur
642 3805 735 3849 sane
779 3807 937 3850 Divinae
980 3807 1265 3852 munificentiae

358 3864 616 3973 Τὲξιπῗίῗῗὶἰς,
648 3867 789 3923 quibus
813 3869 873 3910 Ea
900 3867 1260 3914 imbecillitatem..

1335 557 1661 600 incolumitatem
1692 557 1971 602 conferremus
2000 588 2012 600 .
2049 562 2188 614 Turpe
2217 563 2367 604 enim

1336 613 1434 657 effet
1457 614 1632 658 otiosum
1658 617 1696 657 in
1730 629 1812 659 tam
1839 618 1980 660 illustri
2005 619 2203 667 statione,
2235 623 2273 661 ὅ(
2300 631 2367 662 tot

1335 673 1604 728 periclitantis
1624 674 1810 718 Ecclesia:
1831 676 2021 731 periculis
2047 678 2367 721 indormientem

1331 730 1470 774 seriari
1487 730 1716 787 supremum
1735 736 1935 776 Dominici
1954 738 2103 792 Gregis
2125 738 2365 779 Custodem.

1331 790 1412 834 Sed
1429 799 1641 844 paternam
1672 792 1849 834 nostram
1879 793 2208 846 solicitudinem,
2242 810 2365 851 quam

1333 858 1397 892 tot
1414 849 1580 894 Christo
1596 849 1820 893 servientes
1835 853 2060 895 Provinciae
2087 854 2155 894 libi
2181 853 2270 907 jure
2285 855 2363 895 de-

1332 909 1502 965 poscunt
1528 937 1545 960 ,
1580 909 1777 964 praecipue
1802 913 1889 953 Nos
1920 910 1980 951 his
2007 914 2261 964 temporibus
2296 924 2363 956 tu-

1333 966 1556 1009 multuanti
1590 968 1821 1011 Germaniae
1857 967 2014 1011 debere
2056 970 2325 1026 intelligimus
2351 1001 2365 1013 .

1334 1026 1611 1080 Ingemuimus
1635 1026 1821 1082 profecto
1848 1041 1927 1068 non
1942 1025 2067 1070 semel
2097 1043 2148 1071 ex
2175 1032 2245 1072 hac
2265 1032 2368 1071 Pon-

1333 1084 1456 1128 tificia
1482 1083 1643 1141 specula
1668 1083 1944 1141 perduellium
1973 1089 2269 1130 Haereticornm
2299 1100 2368 1130 te—

1331 1144 1563 1186 meritatem
1590 1171 1606 1195 ,
1646 1144 1959 1201 potentiamque
1997 1147 2327 1199 contemplantes
2349 1175 2366 1198 ‚

1331 1200 1399 1244 sed
1426 1202 1518 1245 huic
1544 1201 1685 1247 nostrae
1700 1203 1940 1259 aegrirnoniae
1952 1218 2031 1245 non
2048 1207 2261 1247 mediocre
2276 1206 2368 1261 qui-

1330 1260 1425 1303 dem
1442 1261 1629 1305 solatium
1656 1260 1795 1305 adfert
1817 1261 2045 1305 Chariffimi
2067 1266 2108 1307 in
2123 1265 2284 1308 Christo
2304 1265 2369 1305 Fi·

1328 1319 1388 1371 lii,
1405 1320 1667 1377 Imperatoris
1689 1320 1825 1373 electi,
1845 1321 1972 1375 pietas
1989 1321 2192 1380 fingulatis
2207 1352 2221 1375 ,
2253 1321 2367 1378 quod

1325 1380 1569 1436 praecipuum
1597 1379 1870 1424 existimamus
1904 1381 2058 1425 Divinae
2083 1383 2283 1427 bonitatis
2298 1395 2366 1423 ar·

1320 1448 1558 1494 gumentum
1583 1440 1625 1482 in
1658 1453 1748 1482 rem
1774 1443 2026 1484 Germanam
2052 1470 2064 1483 .
2099 1443 2208 1484 Tum
2237 1455 2365 1496 porro

1318 1495 1541 1553 gaudemus
1567 1500 1817 1556 optimorum
1847 1500 1895 1542 Ei
1918 1499 2179 1542 consiliorum
2203 1501 2364 1553 copiam

1318 1570 1399 1599 non
1424 1556 1590 1607 deesse,
1622 1572 1708 1614 quae
1736 1559 1940 1603 Nobilitas
1961 1560 2049 1601 Tua
2079 1558 2146 1601 vel
2164 1558 2365 1610 maxime,

1321 1613 1487 1671 publico
1503 1615 1612 1658 bono
1630 1615 1891 1671 suppeditare
1917 1618 2162 1671 praedicatur
2181 1646 2193 1659 .
2224 1620 2366 1674 Qam

1318 1673 1491 1729 gloriam
1514 1675 1703 1718 haetenus
1723 1676 1966 1718 consecutus
1981 1690 2024 1718 es
2037 1704 2050 1727 ,
2067 1690 2158 1719 eam
2174 1705 2187 1727 ,
2199 1688 2243 1719 ut
2262 1677 2367 1719 sem-

1317 1745 1393 1789 per
1410 1732 1527 1776 novis
1541 1734 1583 1776 in
1601 1733 1921 1790 Rempublicam
1938 1734 2093 1778 meritis
2107 1734 2299 1779 cumules
2315 1737 2369 1786 ,ὲ

1319 1801 1390 1834 tua
1417 1792 1573 1847 pietate
1590 1793 1799 1836 Catholici
1815 1807 1958 1838 omnes
1975 1792 2210 1851 exspectant
2230 1823 2243 1836 .
2278 1797 2366 1836 Nos

1321 1852 1424 1893 vero
1446 1849 1500 1893 de
1531 1852 1700 1908 Imperii
1725 1853 1766 1894 &
1791 1852 2019 1909 Religionis
2047 1853 2369 1909 perturbatione

1321 1908 1478 1965 semper
1497 1909 1664 1952 solliciti
1683 1939 1698 1962 ‚
1718 1911 1817 1954 istuc
1844 1912 1885 1954 in
1902 1910 2111 1967 praesentia
2128 1913 2367 1967 ablegamus

1322 1968 1531 2011 Dilectum
1548 1969 1694 2011 Filium
1706 1999 1721 2020 ,
1738 1972 1780 2012 F.
1797 1971 2071 2027 Hyacinthum
2085 1969 2367 2021 Casalensem,

1321 2028 1577 2082 Capucinum
1597 2055 1611 2078 ‚
1627 2029 1772 2070 Virum
1786 2055 1801 2077 ,
1818 2030 1883 2086 qui
1901 2031 2058 2086 pietate
2073 2031 2112 2070 δι
2125 2029 2366 2085 eloquentia

1322 2086 1513 2142 lingulati
1538 2087 1666 2130 totius
1685 2086 1754 2130 fibi
1778 2087 1907 2131 Italiae
1926 2087 2105 2145 plausum
2121 2117 2136 2142 ‚
2169 2089 2368 2130 nostram-

1322 2159 1403 2203 que
1429 2145 1764 2190 benevolentiam
1792 2146 1968 2192 mirifice
1993 2150 2248 2200 comparavit
2269 2177 2280 2187 .
2318 2146 2367 2188 Ei

1327 2207 1487 2248 Tecum
1512 2206 1566 2248 de
1587 2205 1822 2260 gravissimis
1837 2207 2012 2262 negotiis
2037 2205 2247 2249 differenti
2270 2220 2365 2247 ean-

1325 2263 1422 2306 dem
1448 2293 1463 2315 ,
1494 2277 1614 2319 quam
1646 2266 1777 2307 Nobis
1801 2294 1815 2317 ,
1848 2264 1972 2308 fidem
2003 2266 2156 2308 habere
2182 2266 2367 2321 poteris.

1324 2321 1451 2380 Qod
1468 2323 1492 2364 si
1508 2321 1556 2364 ea
1568 2352 1583 2373 ‚
1595 2337 1670 2379 qua
1684 2324 1834 2380 polles,
1847 2326 2117 2373 authoritate,
2131 2323 2369 2380 optimoVi·

1325 2397 1372 2424 ro
1389 2378 1664 2438 suffragaberis
1679 2412 1694 2434 ,
1726 2384 1897 2426 nostram
1914 2384 2010 2426 Tibi
2027 2381 2283 2427 voluntatem
2298 2390 2368 2424 ard

1325 2439 1489 2485 &rffime
1515 2441 1749 2484 devinxeris
1767 2469 1782 2492 ‚
1813 2442 1853 2483 δι
1880 2443 1992 2491 erit,
2022 2443 2133 2498 quod
2161 2442 2366 2483 existime-

1325 2514 1434 2551 mus,
1445 2502 1665 2543 Caesaream
1688 2499 1939 2557 Majestatem
1956 2501 2188 2557 Religionis
2205 2500 2366 2542 incolu-

1327 2561 1458 2603 mitati
1487 2560 1658 2615 egregie
1690 2559 1905 2602 consulere
1928 2588 1942 2611 ‚
1973 2574 2066 2603 cum
2094 2561 2252 2603 tantum
2284 2559 2365 2600 tri-

1327 2619 1415 2662 buit
1441 2618 1616 2660 consiliis
1643 2618 1882 2660 Nobilitatis
1896 2618 1992 2662 Tuae
2018 2647 2033 2670 ‚
2066 2620 2131 2660 cui
2156 2618 2364 2675 Apostoli-

1329 2691 1419 2724 cam
1442 2678 1633 2721 Nostram
1662 2678 1994 2722 Benedictionem
2025 2681 2174 2724 iterum
2213 2678 2365 2734 imper-

1329 2738 1454 2781 timur
1470 2764 1484 2780 .
1517 2739 1671 2780 Datum
1688 2738 1827 2780 Romae
1854 2748 1901 2780 ut
1902 2737 2036 2796 fhpra
2056 2769 2068 2778 .

1383 2859 1446 2899 Ex
1461 2857 1579 2899 Arc-b.
1596 2859 1738 2898 secret.
1759 2857 1875 2897 Brev.
1893 2855 1946 2899 ad
1962 2856 2095 2900 Princ.
2106 2857 2192 2915 sol.
2208 2870 2247 2908 7.

1569 3092 1749 3143 Eodem
1777 3107 2054 3161 argumento
2074 3128 2087 3142 .

1358 3211 1395 3253 A
1411 3220 1530 3269 tergo
1541 3241 1554 3254 .
1581 3210 1739 3254 Dia-eto
1756 3211 1860 3255 Fs'lt‘o
1874 3238 1888 3262 ,
1906 3210 2042 3253 Nobili
2064 3213 2151 3256 Viro
2164 3240 2179 3265 ,
2195 3214 2334 3257 Carolo

1619 3271 1764 3314 Caruili
1784 3271 1829 3312 de
1859 3270 2045 3314 Harrach
2058 3299 2071 3311 .

1369 3390 1890 3445 GREGORIUS
1943 3392 2160 3442 PAPA
2214 3395 2328 3443 XV.

1417 3507 1573 3552 mk&
1599 3510 1710 3560 Fui,
1734 3505 1890 3551 Nobiles
1913 3506 1979 3551 Vir
1993 3536 2009 3560 ,
2026 3510 2204 3567 filatem
2230 3511 2280 3559 δ’

1408 3582 1413 3602 ψ·
1438 3585 1442 3590 ·
1549 3567 1808 3625 Apostolicam
1828 3566 2126 3612 benedimonem
2140 3598 2152 3611 .

1393 3688 1433 3730 N
1455 3685 1544 3737 bis,
1575 3700 1659 3742 quae
1685 3685 1735 3728 ad
1762 3684 1951 3729 Eccleliae
1967 3687 2072 3739 Dei,
2105 3689 2142 3729 8(
2169 3685 2365 3730 Christis-4

1420 3757 1477 3787 nae
1503 3743 1757 3800 Reipublicae
1771 3745 2045 3801 dignitatem,
2076 3749 2115 3788 &
2142 3746 2363 3787 utilitatem

1327 3804 1541 3858 pertinent
1560 3832 1573 3855 ,
1605 3804 1777 3847 multum
1799 3802 1920 3855 sane,
1953 3816 1998 3847 ut
2025 3805 2221 3848 debemus
2242 3833 2257 3854 ,
2290 3804 2364 3847 im,

1323 3863 1568 3909 Nobilitatis
1590 3861 1880 3966 Tgaekspassata
1898 3863 2053 3908 virtute
2069 3892 2083 3916 ,
2109 3865 2263 3964 ρῐειεῑὲ
2276 3890 2291 3912 ,
2323 3865 2362 3905 &

1735 3937 1756 3966 a
2267 3934 2310 3960 a-
