2664 4114
903 210 1611 330 Neapolitana.
2153 248 2250 331 33

197 325 389 381 Litteras
418 327 517 379 suas
549 364 566 387 ,
612 327 774 395 quibus
808 327 1104 379 concordiam
1138 337 1224 382 ΒΡ.

264 401 466 450 Servitas
494 403 654 449 inter-
680 398 730 448 ὃ(
764 401 993 447 Moniales
1027 403 1224 469 Neapoli

200 498 202 501 ·
263 471 386 520 circa
405 469 736 533 haereditatem]
744 466 967 519 ustinianae
977 470 1032 519 de
1047 475 1226 541 Sangro

264 539 524 608 &Joannae
549 545 642 603 ejus
667 539 793 585 Filiae
812 540 972 590 initam
1005 545 1227 609 approba-

263 614 336 662 vit
362 647 380 671 ‚
408 611 651 662 confirmat
678 643 695 665 ,
731 606 990 677 distamque
1037 629 1227 663 concor—

202 722 206 724 .
266 682 392 732 diam
423 700 515 733 non
541 676 745 728 obstante
788 682 1074 747 expositionis
1123 685 1234 730 alte-

202 795 204 797 .
266 755 450 803 ratione
476 749 734 801 executioni
770 751 1008 811 mandari,
1040 752 1232 801 Archie-

270 821 459 892 piscopo
481 820 543 870 ibi
573 820 829 869 committit
847 857 860 870 .

242 928 283 987 4
310 935 454 983 tergm
475 923 704 985 *Venerabili
731 924 879 969 Fratri
897 923 1194 985 Arcbiepiscopo

573 984 836 1040 Neapolitano
849 1013 861 1026 .

211 1081 836 1135 -lNNOC-ENTIUS
902 1080 1112 1130 PAPA
1169 1083 1236 1130 X.

239 1181 484 1227 Vmcrabilis
499 1180 830 1234 Fratcrsblutem
842 1211 858 1231 ‚
889 1181 938 1229 19¹
952 1181 1211 1239 Apostolt'cam

413 1242 419 1246 ’
553 1237 857 1282 Βεηεᾰὶἑῗίοηεω
874 1272 888 1280 .

333 1319 426 1364 [ἰὲς
439 1319 462 1363 ὲ
479 1318 607 1362 Nobis
623 1319 865 1364 emanarunt
887 1321 926 1362 in
945 1319 1058 1362 limili
1075 1319 1240 1362 forma,

358 1378 504 1422 ‘Brevis
519 1375 780 1435 infrascriptae
798 1380 1060 1432 litterae,Tibi
1075 1380 1242 1421 directae

203 1439 359 1483 tenoris
375 1437 576 1494 sequentis
589 1467 603 1490 ‚
619 1436 812 1483 videlicet
827 1443 893 1483 :A
905 1449 1041 1495 tergo:
1058 1441 1243 1481 Venera-

204 1498 280 1542 bili
313 1497 446 1540 Fratri
476 1497 793 1553 Archiepiscopo
830 1499 1093 1554 Neapolitan.
1131 1501 1242 1539 Intus

203 1555 322 1599 verb:
355 1557 622 1599 Innocentius
651 1558 756 1611 Papa
776 1559 830 1599 X.
859 1556 1114 1600 Venerabilis
1147 1557 1244 1597 Fra-

204 1625 272 1659 ter
293 1613 491 1665 salutem,
516 1615 557 1656 &
574 1614 849 1671 Apostolicam
875 1615 1217 1658 Benedictionem
1233 1640 1245 1652 .

203 1678 354 1729 Nuper
382 1687 456 1728 pro
476 1684 592 1729 parte
621 1673 863 1718 &lectarum
888 1675 928 1716 in
945 1673 1108 1716 Christo
1124 1670 1247 1714 Filia-

205 1748 297 1778 rum
315 1731 555 1776 Monialium
572 1730 804 1775 Monasterii
832 1736 872 1775 S.
890 1731 1088 1775 Francisci
1109 1733 1247 1784 Capu-

209 1795 392 1838 cinarum
418 1802 773 1846 nuncupaturum,
789 1804 836 1830 ac
850 1790 1100 1832 dilectorum
1120 1788 1246 1830 Filio-

205 1863 297 1896 rum
327 1849 478 1891 Prioris
504 1876 518 1898 ,
556 1850 597 1888 δε
622 1852 809 1890 Fratrum
837 1847 1001 1889 Ordinis
1029 1851 1251 1891 Servorum

205 1906 339 1953 Beatae
362 1907 496 1950 Mariae
512 1905 690 1963 Virginis
720 1903 875 1948 Domus
903 1907 1120 1963 Regularis
1151 1911 1252 1949 san-

206 1978 282 2011 ctae
300 1966 433 2009 Mariae
458 1968 596 2009 Mater
615 1969 693 2008 Dei
715 1974 955 2021 nuncupatae
983 1964 1249 2022 Neapolitan.

207 2026 344 2072 Nobis
367 2023 591 2079 expolitum
608 2023 684 2068 fuit
697 2051 711 2074 ,
726 2025 833 2081 quod
851 2026 947 2067 alias
961 2025 1250 2082 quondamJu-

207 2087 379 2131 fiiniana
409 2084 462 2126 de
489 2084 646 2139 Sangro
672 2087 711 2126 in
739 2083 809 2127 suo
833 2084 1008 2135 ultimo,
1035 2083 1106 2127 sub
1131 2083 1247 2139 cujus

209 2143 473 2202 dispolitione
500 2144 550 2186 ab
576 2144 756 2186 humanis
783 2142 977 2196 deceffit,
1005 2144 1250 2185 testamento

208 2206 251 2248 in
277 2212 468 2246 eventum
486 2229 500 2253 ,
527 2203 567 2244 in
598 2217 717 2258 quem
744 2203 953 2259 quondam
975 2207 1133 2259 joanna
1164 2200 1267 2263 ejus·

209 2266 319 2315 Nata
331 2262 370 2301 &
384 2262 501 2315 heres
517 2260 597 2303 fine
612 2262 748 2303 liberis
761 2262 785 2302 ὲ
801 2262 881 2304 vita
897 2264 1256 2317 migraret‚Mona-

217 2322 381 2365 sterium
397 2319 633 2374 praedictum
651 2322 689 2362 in
706 2322 829 2363 rebus
847 2322 887 2361 δε
905 2321 1016 2363 bonis
1033 2321 1141 2362 libia
1158 2321 1251 2360 Deo

214 2378 377 2424 collatis
405 2378 541 2420 eidem
562 2382 728 2435 Joannae
758 2378 991 2432 substituit3
1023 2380 1062 2420 δε
1087 2378 1252 2431 insuper

217 2440 344 2483 etiam
371 2438 477 2480 scuta
501 2439 724 2493 quingenta
739 2439 902 2494 quondft
918 2439 1113 2483 Zenobiae
1127 2440 1255 2479 Mam·

216 2512 344 2541 manae
357 2495 550 2556 *ejusdem
560 2499 723 2552 Joannae
742 2502 857 2541 Natae
869 2499 955 2553 post
970 2499 1077 2539 illius
1094 2496 1254 2537 obitum

214 2558 353 2601 eidem
371 2556 566 2598 Zenobia:
592 2556 862 2611 persolvenda
890 2556 1071 2612 legavit3
1099 2567 1254 2596 necnon

215 2619 341 2660 etiam
369 2615 409 2656 in
436 2616 523 2670 ipsis
541 2614 662 2658 scutis
678 2616 916 2672 quingentis
934 2612 1259 2657 Monasterium

216 2676 456 2733 praedictum
473 2672 697 2716 substituit:
723 2676 764 2715 &
775 2676 967 2730 quoniam
982 2674 1126 2715 eadem
1138 2674 1260 2727 joan-

217 2736 324 2780 nain
340 2743 473 2774 morte
488 2732 552 2774 sua
567 2733 768 2788 quondam
785 2735 958 2775 Marium
973 2734 1025 2775 de
1041 2731 1150 2785 Maio
1174 2729 1260 2784 ejus

217 2793 441 2837 secundum
459 2791 588 2832 virum
606 2790 809 2833 bonorum
833 2791 991 2832 suorum
1009 2789 1262 2833 usufructua-

220 2853 354 2902 rium,
378 2849 530 2892 dictam
557 2853 659 2892 vero
677 2852 857 2891 Domum
885 2850 1140 2902 Regularem
1168 2859 1263 2899 pro-

220 2910 459 2970 prietariam
478 2909 663 2950 haeredes
678 2907 872 2958 instituit,
888 2907 1076 2949 excitatis
1090 2902 1264 2957 desuper

220 2973 262 3014 in
280 2967 464 3012 Confilio
479 2966 758 3022 Neapolitano
780 2965 890 3008 inter
913 2966 1014 3021 ipsas
1044 2974 1180 3015 partes
1197 2975 1264 3004 va-

223 3029 294 3072 riis
322 3028 464 3070 litibus
481 3055 496 3078 ,
521 3029 559 3067 &
584 3025 872 3068 controversiis
889 3054 905 3075 ,
932 3038 1007 3078 pro
1024 3022 1103 3063 illis
1122 3021 1266 3063 termi-

224 3087 364 3131 nandis
383 3115 396 3136 ,
419 3086 528 3128 ultra
550 3086 814 3127 concordiam
830 3111 844 3134 ,
871 3098 991 3139 quam
1010 3081 1095 3136 ipsae
1110 3080 1267 3122 Monia-

225 3147 287 3189 les
312 3159 404 3188 cum
430 3143 582 3186 eodem
599 3145 731 3185 Mario
745 3142 923 3198 injerunt
941 3169 956 3192 ,
987 3142 1095 3182 inter
1108 3138 1267 3181 easdem

228 3203 460 3253 Moniales,
488 3204 711 3245 &Fratres
740 3202 916 3244 Ser‘vitas
934 3199 1142 3254 praedictos
1167 3210 1266 3237 con-

229 3262 446 3306 cordatum
460 3258 499 3300 fu
510 3261 539 3301 it
556 3289 570 3310 ,
599 3260 706 3315 quod
723 3274 772 3302 ex
793 3260 908 3301 bonis
932 3256 1192 3300 haereditariis
1210 3255 1267 3296 di-

231 3332 306 3365 ctae
323 3322 489 3376 J‹›annae
513 3318 561 3359 ad
580 3317 767 3359 summam
791 3318 909 3360 mille
931 3318 971 3358 δε
997 3316 1270 3358 ducentorum

236 3379 445 3434 sexaginta
458 3376 629 3419 duorum
645 3376 847 3419 scutorum
864 3373 1171 3418 ascendentibus
1185 3371 1270 3426 ipsae

234 3438 437 3482 Moniales
453 3465 466 3487 ,
496 3436 533 3475 8(
549 3448 689 3476 earum
707 3433 991 3476 Monasterium
1006 3432 1240 3487 praedictum
1258 3460 1273 3482 ‚

235 3505 442 3553 tamquam
462 3493 810 3550 ejusdemJoannae
831 3491 1010 3534 haeredes
1030 3491 1269 3540 substitutae,

237 3557 492 3610 septingenta
517 3550 722 3608 sexaginta
738 3550 842 3603 duo,
861 3550 1040 3606 praedicti
1058 3552 1158 3592 vero
1174 3550 1272 3591 Fra·

238 3623 326 3654 tres
349 3615 517 3656 servitae
543 3641 557 3663 ,
580 3614 636 3653 uti
666 3610 843 3652 haeredes
871 3608 1129 3663 proprietarii
1154 3607 1271 3648 dictae

235 3675 402 3729 Joannae
429 3673 591 3713 ratione
622 3671 777 3711 dotium
797 3699 812 3719 ,
839 3668 1093 3721 aliorumque
1124 3665 1269 3719 jurium

241 3729 292 3771 ad
323 3726 440 3783 ipsam
455 3733 646 3783 joannam
666 3729 780 3782 super
799 3726 1034 3768 haereditate
1053 3723 1266 3778 ejusdem..

237 3787 459 3846 Justinianae
480 3785 748 3839 spectantium
763 3783 873 3828 scuta
888 3784 1106 3842 quingenta
1130 3780 1267 3836 respe-

291 3883 294 3888 .
364 3847 469 3887 Tomt
484 3847 562 3888 111.

1287 335 1398 374 ctive
1427 349 1517 376 cum
1542 346 1687 378 eorum
1711 333 1851 378 annuis
1867 336 2096 380 redditibus
2116 338 2323 390 habeantg

1286 393 1324 432 δι
1340 393 1495 448 iusuper
1522 403 1765 436 conventum
1797 391 1872 438 fuit
1885 424 1900 447 ,
1925 396 2031 451 quod
2045 425 2058 446 ,
2072 398 2095 434 si
2111 399 2323 451 contingat

1289 451 1442 505 aliquas
1471 466 1537 494 res
1561 456 1598 494 &
1615 458 1717 494 bona
1747 456 1997 497 haereditaria
2013 458 2325 510 dictaejoannae,

1288 523 1370 564 quae
1394 510 1444 551 ad
1473 512 1596 565 ipsum
1617 513 1814 563 Marium,
1837 516 1873 554 &r
1904 513 2103 568 quondam
2123 514 2325 555 Dianam„

1289 569 1528 609 Buonhomo
1546 567 1635 619 ejus
1653 568 1983 616 secundodictam
2001 585 2185 621 uxorem,
2197 574 2237 611 ἃ
2253 573 2326 625 hg-

1288 625 1431 666 redem
1452 623 1722 676 devenissent,
1738 631 2045 683 recuperari,ex
2068 632 2184 671 rebus
2197 632 2235 669 &
2250 629 2328 669 bo-

1293 685 1354 722 nis
1370 684 1622 736 recuperatis
1638 710 1652 732 ,
1677 685 1909 739 adimpletis
1935 690 2126 730 oneribus
2157 686 2326 730 haeredi-

1292 738 1433 788 tariis,
1466 739 1666 781 refiduum
1685 743 1791 783 inter
1805 744 1906 797 ipsas
1922 746 2121 788 Moniales
2136 774 2150 797 ,
2171 748 2208 787 &
2225 748 2329 787 Fra-

1291 805 1378 838 tres
1393 799 1576 840 Servitas
1609 801 1819 853 praedictos
1834 827 1846 848 ,
1873 800 2114 859 supportatis
2142 804 2180 847 in
2211 817 2328 850 com-¹

1296 857 1404 897 muni
1422 856 1602 911 expensis
1622 857 1749 899 dividi
1774 859 1924 902 debeat
1940 890 1951 901 .

1357 917 1464 956 Cum
1481 926 1615 957 autem
1633 915 1808 957 firmiora
1827 917 1895 958 lint
1912 933 1976 967 ea,
1990 933 2073 974 quet
2091 920 2205 961 Sedis
2221 921 2334 975 Αροέ

1296 972 1442 1015 stolicae
1458 974 1680 1015 munimine
1699 976 1956 1027 roborantur,
1976 979 2100 1018 Nobis
2114 988 2336 1033 propterea.

1298 1032 1508 1074 humiliter
1525 1031 1741 1087 supplicari
1756 1031 1945 1076 fecerunt
1962 1037 2223 1089 Exponentes
2239 1049 2340 1092 prae-

1300 1090 1413 1140 dieti,
1430 1100 1476 1132 ut
1491 1091 1751 1133 concordiam
1767 1091 1992 1144 hujusmodi
2009 1094 2270 1144 confirmare,
2283 1093 2338 1134 de

1298 1149 1792 1204 benignitateApostolica
1808 1151 2068 1205 dignaremur
2084 1181 2093 1192 .
2113 1156 2198 1194 Nos
2218 1154 2340 1205 igitur

1301 1206 1465 1250 easdem
1480 1208 1681 1250 Moniales
1697 1210 1737 1250 δι
1751 1211 1910 1252 Fratres
1930 1209 2153 1267 hujusmodi
2177 1208 2343 1264 special.

1303 1268 1575 1316 favoribus,&
1589 1269 1732 1322 gratiis
1749 1267 1934 1324 prosequi
1955 1269 2142 1311 volentes
2159 1296 2172 1319 ‚
2195 1269 2234 1308 &
2251 1267 2345 1309 illo-

1303 1340 1392 1369 rum
1408 1325 1628 1380 lingulares
1647 1327 1832 1382 personas
1851 1329 1871 1368 a
1893 1327 2093 1384 quibusvis
2109 1338 2347 1368 excommu-

1302 1385 1520 1428 nicationis
1534 1410 1549 1432 ,
1564 1384 1820 1438 suspensionis
1834 1414 1848 1438 ,
1866 1388 1906 1427 &
1924 1386 2130 1429 inter-dieti
2145 1413 2159 1436 ,
2175 1385 2344 1438 aliisque

1301 1442 1592 1486 Ecclefiasticis
1606 1442 2014 1496 sententiis,censuris
2025 1447 2064 1486 &
2078 1444 2210 1500 poenis
2225 1442 2244 1483 a
2258 1442 2347 1498 jure

1305 1501 1371 1544 vel
1390 1503 1438 1544 ab
1455 1502 1619 1543 homine
1636 1502 1774 1556 quavis
1797 1505 2007 1544 occasione
2021 1530 2036 1550 ,
2065 1503 2132 1546 vel
2151 1501 2266 1543 causa
2286 1499 2349 1540 la·-

1305 1562 1355 1602 tis
1373 1588 1384 1609 ,
1401 1562 1426 1600 si
1440 1561 1586 1614 quibus
1605 1560 1917 1614 quomodolibet
1934 1559 2134 1603 innodatae
2148 1559 2321 1600 existunt
2333 1582 2348 1603 a

1307 1618 1357 1662 ad
1384 1617 1569 1659 effectum
1596 1616 1848 1671 praesentium
1873 1619 2085 1662 dumtaxat
2104 1616 2350 1672 consequen·

1310 1679 1404 1719 dum
1421 1677 1560 1719 harum
1578 1675 1682 1717 serie
1698 1677 1971 1729 absolventes,
1986 1679 2026 1718 &
2041 1676 2243 1720 absolutas
2259 1671 2348 1716 fore

1310 1733 1774 1789 censentes,hujusmodi
1791 1735 2149 1792 supplicationibus
2169 1734 2351 1776 inclinati

1311 1793 1583 1837 Fraternitati
1604 1796 1698 1835 Tuae
1716 1809 1788 1850 per
1803 1794 2007 1851 presentes
2025 1794 2317 1838 committimus
2334 1819 2350 1842 ,

1311 1856 1350 1894 &
1383 1852 1614 1894 mandamus
1642 1879 1657 1902 ,
1693 1864 1737 1895 ut
1763 1855 1933 1896 constito
1959 1855 2052 1897 Tibi
2067 1855 2120 1896 de
2148 1851 2322 1895 narratis
2335 1876 2352 1900 2

1311 1910 1576 1953 concordiam
1602 1911 1855 1968 hujusmodi,
1881 1927 1923 1955 ac
1943 1912 2114 1968 desuper
2136 1910 2320 1953 conferta
2335 1926 2351 1956 ·‚

1311 1973 1339 2012 fi
1361 1984 1447 2024 quae
1475 1970 1549 2012 lint
1565 1998 1579 2021 ,
1605 1968 1669 2010 seu
1685 1969 1938 2013 conficienda
1957 1972 2247 2020 Instrumenta,
2279 1968 2356 2008 seu

1312 2030 1532 2084 scripturas
1548 2042 1643 2069 cum
1658 2030 1842 2070 omnibus
1858 2057 1871 2078 ,
1897 2031 1937 2069 &
1952 2029 2110 2083 fingulis
2129 2029 2166 2070 in
2182 2028 2238 2069 eis
2256 2039 2358 2074 conf

1311 2090 1454 2139 tentis,
1470 2087 1589 2130 licitis
1604 2097 1738 2131 tamen
1755 2090 1794 2129 &
1817 2088 2266 2140 lionellis,AuCtoritate
2282 2098 2357 2126 no-

1316 2148 1393 2190 stra
1411 2147 1646 2202 Apostolica
1662 2147 1876 2189 confirmes
1892 2149 1931 2188 &
1945 2148 2144 2201 approbes
2158 2174 2171 2195 ,
2197 2143 2355 2200 illisque

1318 2205 1567 2249 inviolabilis
1594 2206 1835 2258 Apostolicae
1863 2206 2067 2248 firmitatis
2104 2206 2224 2247 robur
2256 2202 2358 2259 adji-

1317 2266 1400 2307 cias
1416 2294 1431 2315 ,
1459 2280 1503 2307 ac
1519 2278 1661 2307 omnes
1675 2267 1715 2306 &
1732 2265 1905 2321 singulos
1923 2275 2000 2306 tam
2019 2263 2113 2317 juris
2126 2264 2247 2319 quam
2266 2260 2360 2302 faeti

1316 2321 1499 2366 defec'tus
1514 2349 1529 2371 2
1544 2322 1567 2364 fi
1584 2324 1650 2379 qui
1666 2324 1837 2376 desuper
1853 2322 2160 2378 quomodolibet
2176 2323 2359 2363 interve-

1315 2382 1660 2436 nerint,suppleas
1677 2411 1687 2421 .
1708 2386 1800 2424 Non
1816 2381 1964 2421 obstan.
1980 2379 2051 2421 fel.
2068 2395 2150 2422 rec.
2168 2380 2281 2422 Pauli
2303 2378 2358 2418 Π.

1316 2444 1356 2482 &
1371 2442 1545 2482 aliorum
1569 2442 1850 2481 Romanorum
1870 2436 2106 2479 Pontificum
2123 2433 2356 2479 Praedeces-

1317 2499 1453 2541 sorum
1479 2498 1704 2539 nostrorum
1728 2496 1780 2538 de
1805 2496 1926 2538 rebus
1946 2495 2128 2537 Ecclefiae
2155 2509 2232 2536 non
2257 2493 2358 2533 alie—

1317 2557 1490 2609 nandis3
1522 2555 1688 2612 aliisque
1709 2554 2103 2606 Constitutionibus‚
2128 2556 2168 2595 δε
2182 2551 2358 2593 Ordina-

1322 2616 1502 2661 tionibus
1540 2614 1783 2669 Apostolicis
1811 2644 1826 2665 ,
1871 2612 2103 2668 caeterisque
2142 2609 2358 2654 contrariis

1323 2674 1664 2732 quibuscumque·
1691 2676 1844 2715 Datum
1862 2676 2000 2713 Romae
2013 2672 2118 2725 apud
2137 2676 2175 2712 S.
2189 2668 2361 2712 Mariam

1326 2734 1528 2788 Maiorem
1543 2730 1611 2772 sub
1624 2733 1790 2772 Annulo
1806 2730 1950 2773 Piscat.
1968 2745 2032 2772 xx.
2047 2731 2144 2773 Maii
2162 2739 2356 2772 winemu-

1323 2790 1588 2836 Pontificatus
1601 2788 1725 2830 nostri
1740 2792 1862 2831 Anno
1879 2803 2004 2830 nono.

1383 2853 1490 2892 Cum
1506 2848 1758 2897 autem,licut
1772 2861 1846 2901 pro
1860 2857 1976 2899 parte
1991 2845 2230 2888 eorumdem
2244 2842 2357 2884 Prio-

1326 2909 1408 2957 ris,
1439 2908 1478 2946 &
1494 2908 1705 2954 Fratrum,
1734 2919 1778 2946 ac
1798 2905 2038 2947 Monialium
2067 2904 2194 2946 Nobis
2223 2902 2358 2943 denuo

1329 2964 1553 3019 expolitum
1569 2963 1643 3004 fuit
1657 2990 1671 3012 ,
1696 2965 1734 3004 in
1754 2963 1944 3016 praedicitis
1961 2964 2100 3004 nostris
2122 2961 2271 3001 litteris
2296 2957 2358 2998 se-

1330 3026 1409 3067 ries
1426 3022 1537 3064 dietae
1550 3021 1789 3064 Concordiae
1803 3020 2001 3063 nonnulla
2029 3021 2068 3060 in
2085 3028 2197 3073 parte
2219 3017 2360 3065 aliter,

1329 3085 1450 3139 quam
1481 3079 1579 3123 fafflz
1598 3080 1699 3131 fuit,
1721 3089 1935 3127 narretur,
1963 3091 2054 3119 cum
2081 3089 2153 3130 per
2173 3073 2361 3116 eamdem

1330 3139 1602 3184 Concordiam
1629 3146 1873 3180 conventum
1897 3133 2048 3184 fuerit,
2076 3133 2183 3189 quod
2202 3132 2362 3174 Monia-

1331 3200 1390 3241 les
1421 3197 1613 3252 praediclae
1640 3195 1787 3237 eisdem
1803 3193 1990 3234 Priori&
2006 3192 2216 3234 Fratribus
2234 3190 2362 3231 duca·

1331 3267 1395 3299 tos
1410 3266 1620 3297 trecentos
1640 3262 1804 3295 monetae
1817 3250 1949 3304 Regni
1967 3250 2159 3303 Neapolis
2175 3263 2222 3290 ex
2238 3249 2362 3289 duca-

1332 3316 1384 3357 tis
1399 3314 1513 3355 mille
1530 3313 1721 3356 trecentis
1734 3313 1773 3351 &
1787 3309 2005 3351 duodecim
2031 3308 2217 3350 fimilibus
2239 3319 2360 3348 recu-

1332 3371 1516 3428 perandis
1532 3373 1554 3414 ὲ
1570 3373 1687 3413 rebus
1701 3371 1740 3410 &
1756 3367 1962 3410 effectibus
1975 3366 2178 3423 quondam
2191 3363 2358 3407 Caesaris

1331 3430 1597 3480 Caraccioli,
1623 3442 1712 3469 cum
1739 3437 1824 3469 rata
1852 3425 2081 3475 frunuum,
2109 3424 2320 3465 tertiarum
2345 3447 2361 3468 2

1332 3499 1402 3531 aut
1419 3486 1603 3531 redditus
1618 3484 1966 3527 decurrendorum
1992 3484 2042 3525 ad
2071 3480 2251 3524 favorem
2273 3508 2287 3529 ,
2322 3479 2361 3517 &

1332 3547 1591 3588 commodum
1604 3544 1716 3585 dietae
1731 3541 1880 3585 Domus
1896 3541 2112 3597 Regularis
2123 3570 2137 3589 ,
2154 3539 2362 3594 pra’dit‘to-

1331 3620 1418 3646 rum
1435 3614 1718 3646 trecentorum
1737 3601 1978 3643 ducatorum
1995 3598 2219 3653 hujusmodi
2237 3594 2362 3635 cede-

1330 3677 1375 3704 re
1392 3663 1678 3712 debeant,cum
1697 3661 1879 3709 hoc,ut,s1
1897 3668 2025 3701 totum
2041 3655 2218 3709 capitale
2235 3654 2361 3693 die-to-

1327 3721 1373 3763 rii
1394 3721 1509 3762 mille
1523 3728 1820 3768 trecentorum,
1834 3721 1874 3761 ὃς
1887 3713 2104 3758 duodecim
2116 3713 2359 3752 ducatorum

1327 3794 1405 3822 non
1426 3788 1695 3835 recuperetur
1723 3802 1737 3821 a
1771 3777 1958 3833 quaelibet
1986 3787 2037 3814 ex
2061 3770 2149 3825 ipsis
2174 3768 2363 3824 partibus

1702 3837 1737 3876 E
2230 3840 2307 3880 pro
