2618 4108
835 217 1764 336 monferratcnsis.
2127 255 2319 342 ‘249

198 336 290 387 sicut
304 335 348 379 ὰ
362 335 482 375 Eidem
491 336 678 376 ordinatur
691 338 706 382 ,’
724 346 767 375 ut
794 337 864 375 haec
887 339 969 376 Suae
981 338 1296 391 Sanfiitatissensa
1311 341 1421 380 eidem
1435 341 1555 379 Patri·
1566 344 1768 380 communic‘
1805 365 1817 378 .
1840 339 1938 380 Deus
1957 340 2112 380 Eandem
2127 344 2304 394 prosperet
2314 351 2359 387 de

210 386 297 424 bono
319 386 360 423 in
383 386 506 425 melius
519 412 530 425 .
556 387 674 426 Romae
691 396 726 434 4.
739 383 955 426 Novembris
974 389 1079 436 1623.
1365 395 1368 398 ⁴
2074 426 2077 429 .

1508 492 1752 543 Cardinalis
1783 490 2045 543 Barberinus
2058 528 2072 543 .

314 633 500 672 Conduxit
513 634 680 673 flandriae
693 633 864 670 incolatus
879 634 1066 683 Hyacinthi
1084 635 1118 671 in
1134 647 1173 673 ea
1189 637 1416 682 prolongatus
1426 661 1440 681 ‚
1461 637 1545 674 dum
1561 636 1738 674 Bruxellis
1754 637 1896 675 indua&
1916 650 1974 685 40.
1999 640 2353 680 horarumotatione

216 680 368 719 fructum
383 684 555 730 collegit,
579 686 661 722 teste
671 682 803 734 Jacobo
818 682 982 726 Bonetto,
1002 684 1273 733 Archiepiscopo
1297 686 1535 723 Mechlinienfi
1560 708 1573 729 ,
1598 687 1642 722 ab
1666 685 1847 723 hominum
1877 688 2042 724 memoria
2068 702 2140 724 non
2164 690 2323 727 auditum
2336 700 2352 732 ;

220 731 427 781 Hyacintho
439 734 613 780 plantante
626 731 881 777 germinavit&
894 732 942 769 ibi
955 734 1100 771 celebris
1112 735 1353 780 congregatio
1367 748 1425 782 40.
1439 735 1603 781 Equitum
1619 734 1810 771 Dominicae
1826 735 1989 773 Paffionis
2005 761 2019 781 ,
2043 749 2147 785 quam
2167 737 2259 776 idem
2273 741 2355 778 Me-

224 779 427 821 chlinienfis
442 782 569 820 Praesul
591 781 653 818 sub
664 778 864 830 patrocinio
888 783 930 820 S.
945 784 983 820 Ρ.
1001 782 1165 821 francisci
1185 782 1338 831 sequenti
1356 784 1504 822 instituit
1529 783 1743 831 diplomate=

443 907 640 976 ‘yae-obus
661 907 748 959 Dei
773 910 827 960 θ
846 907 1099 977 Apostolicae
1127 906 1247 958 Sedis
1271 912 1417 977 gratia
1449 910 1796 979 Archiepifiopus
1829 910 2151 972 Mecblint‘enfi's

933 979 1117 1031 omnibus
1146 981 1230 1030 haec
1255 981 1419 1049 «utfinis
1440 981 1624 1049 salutem
1643 1019 1656 1033 .

332 1107 431 1146 Inter
457 1108 588 1156 multa,
614 1122 688 1160 quae
707 1109 793 1147 RR.
805 1109 932 1148 Patres
954 1110 996 1148 S.
1006 1108 1184 1158 Francisci
1202 1108 1365 1148 Minores
1391 1109 1564 1158 Capucini
1583 1109 1718 1150 adeei
1736 1112 1896 1149 honorem
1915 1111 2164 1153 &animarum
2176 1111 2364 1161 fizlutemj

226 1158 492 1244 promovendam
501 1159 662 1210 praeslant
672 1185 686 1206 ,
709 1160 853 1196 eximius
856 1159 989 1207 fimper
993 1159 1072 1206 fuit
1075 1158 1214 1205 sruffius
1227 1147 1412 1207 Oratidnis
1424 1170 1482 1203 40.
1501 1158 1664 1197 horarum
1678 1185 1691 1205 ,
1710 1162 1897 1210 quotannis
1904 1161 2068 1210 pluribus
2077 1159 2160 1197 locis
2172 1163 2215 1198 ab
2227 1162 2297 1211 ipsis
2310 1172 2366 1197 ce·

262 1208 388 1249 bratae5
410 1217 450 1244 at
475 1219 652 1256 nunquam
675 1207 810 1246 meliore
827 1209 973 1250 ordine,
998 1206 1208 1254 &feliciore
1219 1206 1326 1254 succe
1347 1218 1371 1243 u
1396 1208 1436 1242 in
1456 1206 1545 1256 hisce
1562 1211 1726 1256 partibus
1750 1235 1762 1253 ‚
1789 1208 1891 1258 qudm
1917 1218 2026 1258 nuper
2056 1211 2096 1246 in
2120 1209 2184 1246 hac
2200 1211 2294 1246 vrbe
2310 1219 2371 1244 no·

221 1255 304 1307 sim
317 1256 468 1304 Dioecefis
494 1264 594 1303 opera
609 1255 810 1294 Reverendi
832 1255 1010 1292 admodum
1022 1254 1146 1294 Patris
1160 1255 1322 1303 Hyacint
1345 1257 1360 1291 i
1373 1255 1555 1306 Casalenfis
1565 1281 1578 1301 ,
1593 1260 1735 1308 praefati
1747 1259 1898 1296 Ordinis
1913 1259 2160 1296 Praedicatoris
2173 1257 2370 1309 Apostolici,

228 1304 352 1341 haberi
365 1304 518 1340 vidimus
528 1327 542 1347 ,
555 1304 638 1341 adeo
648 1331 659 1347 ,
681 1314 723 1342 ut
736 1315 804 1340 non
818 1303 954 1341 tantum
965 1305 992 1342 S
994 1304 1179 1353 ereniffima
1190 1304 1447 1354 Hispaniarum
1461 1305 1581 1354 infans
1585 1307 1737 1392 dIsabella
1750 1308 1859 1347 Clara
1873 1308 2032 1356 Eugenia
2044 1332 2056 1352 ,
2085 1306 2202 1345 Tertii
2215 1307 2369 1345 Ordinis

229 1353 272 1391 S.
289 1350 465 1401 Francisci
490 1351 582 1388 Filia
602 1354 744 1402 piiffima
764 1375 778 1397 ‚
804 1361 944 1401 totaque
967 1353 1060 1389 ‘vrbs
1079 1353 1140 1403 ista
1155 1378 1167 1393 ‚
1185 1353 1250 1402 sed
1273 1355 1378 1390 etiam
1397 1355 1511 1391 vicini
1533 1367 1584 1392 un
1610 1359 1690 1405 ique
1704 1358 1848 1404 summis
1874 1358 1966 1393 votis
1990 1366 2107 1406 optent
2128 1356 2369 1405 devotissimam

228 1400 325 1489 issam
343 1401 593 1450 solemnitatem
610 1404 700 1438 omni
705 1400 819 1451 studio
833 1403 1021 1450 quotannis
1044 1404 1154 1451 repeti
1171 1428 1180 1437 .
1206 1402 1294 1440 Cum
1305 1412 1420 1440 autem
1436 1403 1475 1438 in
1488 1415 1528 1440 ea
1551 1415 1590 1441 re
1610 1405 1757 1443 multum
1769 1407 1939 1443 enituerit
1957 1405 2185 1454 plurimorum
2201 1402 2370 1443 Virorum

264 1451 438 1497 rincipum
453 1475 464 1492 ‚
487 1459 525 1487 at
548 1461 591 1486 ue
607 1451 817 1499 Magnetum
839 1452 976 1500 pietas,
1000 1451 1063 1500 qui
1084 1452 1219 1489 nomine
1231 1451 1396 1499 Equitum
1409 1451 1571 1502 Paffionis
1585 1455 1775 1492 Dominicae
1788 1481 1801 1500 ,
1827 1455 2023 1497 &Habitu
2045 1455 2167 1491 humili
2190 1454 2370 1492 Paeniten-

226 1499 338 1540 tium,
373 1497 477 1548 ponti
495 1461 654 1550 affumpto
678 1500 832 1537 ordinem
852 1498 1121 1548 pulcherrimum
1141 1499 1291 1549 praesatae
1304 1499 1535 1548 solemnitatis
1557 1501 1715 1553 indefhst
1729 1504 1844 1555 studio
1866 1504 1906 1539 in
1929 1503 2101 1541 auxilium
2122 1503 2287 1540 differam
2300 1501 2372 1539 Pa.

228 1557 325 1586 trum
371 1548 596 1596 apucinorum
624 1547 735 1585 exalii&
750 1549 895 1597 servari
918 1546 1092 1587 curirnns
1105 1574 1119 1594 ‚
1142 1549 1186 1591 ῤ’
1201 1549 1320 1598 populo
1343 1550 1390 1586 ad
1402 1548 1590 1597 diligenter
1608 1553 1648 1588 in
1667 1554 1736 1590 loco
1750 1553 1957 1597 Orationis,
1975 1553 2079 1604 statis
2096 1554 2222 1601 cuique
2246 1551 2341 1588 horis
2353 1574 2368 1596 ‚

228 1597 275 1640 ὁ·
297 1595 475 1647 destinatis
493 1596 643 1647 claffibus
664 1598 934 1635 conveniendum
959 1598 1179 1648 ante—signati
1185 1599 1338 1647 fuerunt
1353 1626 1361 1634 .

337 1644 418 1685 Nos
443 1647 547 1683 etiam
569 1646 780 1695 summopere
803 1646 1026 1696 desiderantes
1049 1657 1119 1685 tam
1135 1646 1304 1696 praeclara
1327 1647 1521 1684 devotionis
1534 1647 1717 1688 incentiva
1736 1651 1881 1699 fovere,
1906 1650 2165 1700 &satisfacere
2188 1650 2289 1687 enixo
2307 1650 2371 1686 bac

233 1696 274 1733 in
298 1707 338 1733 re
349 1695 391 1731 de
402 1695 509 1731 :derio
526 1694 679 1744 praefatae
692 1696 910 1745 Sereniffimae
923 1696 1070 1746 Infantis
1083 1723 1092 1739 ,
1152 1708 1172 1732 r
1191 1695 1287 1745 hasce
1299 1694 1438 1733 litteras
1455 1698 1622 1746 erigimus
1640 1700 1798 1737 devotam
1812 1700 2122 1747 Congregationem
2133 1710 2194 1746 40.
2216 1698 2373 1745 Magna-

232 1755 349 1784 torum
404 1744 579 1793 rincipum
592 1767 605 1785 ,
620 1745 693 1794 sive
710 1744 856 1782 aliorum
872 1746 1064 1795 praecipuae‘
1111 1744 1281 1782 abilitatis
1294 1770 1307 1790 ,
1332 1754 1396 1782 aut
1418 1745 1606 1794 dignitatis
1620 1748 1833 1792 Procerum,
1859 1749 1921 1797 qui
1942 1750 2243 1797 nuncupabantur
2262 1747 2372 1795 Equi.

235 1804 288 1833 tes
303 1793 492 1831 Dominicae
513 1793 678 1843 Paffionis
688 1793 758 1842 sub
779 1794 997 1831 invocatione
1020 1794 1064 1837 (ς’
1083 1794 1284 1832 Patrocinio
1308 1794 1492 1842 Seraphici
1508 1795 1551 1833 P.
1574 1794 1771 1846 Franci-sci,
1799 1808 1944 1846 quorum
1959 1796 2113 1846 studium
2137 1798 2180 1839 (ς’
2195 1796 2373 1847 officium...-

236 1844 310 1881 erit
321 1851 396 1880 tum
409 1865 423 1886 ‚
456 1842 496 1877 in
511 1854 638 1890 genere
660 1842 846 1891 diligenter
883 1843 1125 1892 uibuscumque
1141 1844 1284 1893 pietatis
1303 1844 1461 1891 operibus
1478 1852 1542 1893 pro
1556 1844 1625 1893 sua
1636 1847 1819 1883 devotione
1847 1846 2044 1883 incumbere
2067 1869 2082 1890 ,
2104 1856 2180 1883 tum
2198 1844 2374 1895 singulari

235 1891 330 1931 modo
352 1890 453 1928 PJP.
479 1890 668 1940 Capucinis
686 1891 817 1928 auxilio
831 1855 891 1943 effe
904 1916 917 1936 ,
943 1903 984 1930 ut
999 1892 1202 1929 Orationem
1220 1902 1280 1937 40.
1295 1891 1458 1929 horarum
1485 1893 1589 1941 qudm
1611 1896 1733 1941 optimo
1761 1896 1881 1932 ordine
1897 1896 2085 1943 quotannis
2108 1894 2281 1932 celebrare
2302 1894 2374 1944 post

228 1942 302 1992 sint
317 1963 331 1985 ‚
355 1941 395 1976 in
409 1949 627 1986 augmentum
641 1940 777 1976 honoris
794 1940 838 1981 ὠ·
858 1942 971 1979 cultus
982 1942 1052 1979 SS.
1068 1940 1288 1990 Eucharistiae
1298 1965 1312 1984 ‚
1336 1941 1380 1983 ὠ·
1403 1944 1568 1979 memoriae
1582 1944 1783 1982 Dominicae
1799 1944 1960 1994 Pafftonis
1974 1970 1983 1985 ‚
2009 1955 2071 1980 nec
2094 1955 2163 1980 non
2175 1943 2222 1980 ad
2239 1952 2375 1992 promo-

236 1987 387 2027 vendam
411 1986 568 2026 Salutem
593 1990 788 2026 animarum
795 1988 901 2036 juxta
914 1990 1048 2026 modum
1060 2015 1076 2036 ,
1101 1990 1145 2030 ὠ·
1160 1990 1308 2038 formam
1328 1990 1636 2039 prasi-ribemunt,
1661 1993 1759 2042 cujus
1776 1994 2063 2041 Congregationis
2086 1993 2235 2041 praefata
2264 1993 2372 2030 Sere-

241 2037 370 2086 niffima
386 2036 506 2085 Infans
523 2037 563 2085 fi’
577 2036 756 2085 specialem
778 2037 1029 2075 ‘Protefiiricem
1051 2038 1249 2075 declaravit
1273 2067 1281 2075 .
1306 2039 1356 2078 'Ut
1375 2050 1488 2076 autem
1510 2039 1577 2077 baec
1596 2043 1738 2090 pietatis
1763 2051 1864 2090 opera
1890 2041 2044 2078 alacrius
2067 2044 2223 2078 obeamus
2251 2066 2264 2084 ,
2288 2042 2374 2092 sup·

231 2085 426 2136 plicamus,
451 2094 621 2134 quantum
642 2083 809 2137 possumus
827 2110 839 2130 ‚
862 2087 1073 2137 Sanfiiffimo
1088 2087 1246 2124 “Domino
1269 2087 1376 2137 nostro
1389 2088 1492 2136 Papae
1506 2113 1518 2129 ,
1543 2099 1586 2127 ut
1604 2094 1745 2139 gratias
1768 2092 1811 2134 ἐφ’
1825 2089 2065 2139 indulgentias
2079 2116 2089 2132 ,
2116 2103 2201 2139 quas
2222 2091 2372 2141 praefata

237 2135 471 2183 Congregatio
494 2133 694 2171 humillimis
704 2136 869 2219 precibus
890 2144 1007 2184 petere
1029 2137 1185 2175 intendit
1203 2162 1213 2179 ,
1238 2138 1420 2173 concedere
1447 2138 1614 2187 dignetur
1629 2165 1641 2176 .

341 2182 383 2221 In
404 2182 569 2240 cujus-rei
584 2183 690 2232 fidem
727 2185 799 2234 asce
811 2185 933 2223 mantis
957 2185 1072 2241 noslrae
1083 2185 1342 2241 Subscriptione
1356 2186 1400 2232 ὠ·
1413 2186 1540 2240 sigillo
1552 2191 1705 2230 munitas
1717 2189 1875 2230 dedimus
1889 2188 2075 2227 ‘Bruxellis
2094 2201 2150 2238 13.
2164 2187 2266 2241 &ulii
2281 2200 2373 2239 anno

244 2233 266 2273 ὸ
278 2230 407 2283 Christi
420 2230 634 2271 Nativitate
649 2234 754 2282 1624.

980 2330 1175 2399 ‘Jacobus
1204 2332 1549 2400 Archiepifiopus
1586 2335 1911 2406 Mechltnienfi}
1931 2373 1944 2387 .

346 2463 543 2501 Memorant
565 2465 600 2503 &
624 2465 714 2511 grati
735 2467 852 2504 Patres
865 2465 1048 2510 oratorii,
1074 2467 1225 2514 praefidio
1253 2466 1513 2516 P.Hyacinthi‚
1539 2469 1650 2505 sedem
1679 2468 1737 2506 fibi
1763 2470 1797 2506 in
1815 2480 1934 2506 monte
1958 2468 2017 2503 seu
2043 2467 2133 2503 colle
2153 2460 2374 2502 Bruxellenfi

243 2513 339 2551 fuisse
370 2513 512 2560 politam
540 2537 554 2557 ‚
578 2514 613 2550 &
640 2514 674 2550 id
701 2514 812 2551 firmat
840 2516 1020 2552 Brabantia
1043 2518 1193 2554 Mariana
1218 2517 1425 2565 wyksmans
1441 2525 1522 2565 pag.
1538 2527 1596 2563 72.
1621 2515 1672 2553 bis
1699 2519 1838 2554 verbis:
1867 2518 1907 2553 In
1936 2515 2017 2553 colle
2049 2514 2164 2563 aspero
2182 2514 2248 2562 seu
2272 2524 2374 2550 acuto

247 2561 425 2600 Bruxellis
445 2563 595 2611 primum
610 2562 702 2611 apud
718 2563 840 2612 Belgas
854 2563 1061 2602 Oratorium
1067 2566 1130 2613 seu
1146 2566 1375 2614 Congregatio
1392 2564 1673 2614 Presbyterorum
1686 2565 1915 2604 Saecularium
1929 2567 1967 2601 in
1979 2565 2145 2602 communi
2160 2574 2250 2599 more
2275 2563 2376 2599 Cleri

236 2614 430 2663 primitiva
444 2611 589 2660 Ecclcfiae
613 2613 809 2649 viventium
830 2616 851 2650 ἂ
867 2611 998 2663 {iaccho
1015 2615 1272 2663 Archiepiscopo
1291 2612 1526 2663 Mechliniensi
1545 2626 1636 2650 anno
1654 2617 1761 2659 1624.
1782 2627 1817 2651 co
1825 2614 2001 2662 nstitutum
2012 2614 2088 2662 fait
2108 2611 2247 2659 Isabellei
2263 2611 2373 2648 Clarii

241 2661 401 2710 Eugenici
418 2685 429 2704 ,
445 2660 698 2709 Hispaniarum
719 2662 855 2709 Infante
880 2664 1047 2712 imprimis
1061 2664 1208 2712 favente
1222 2687 1233 2706 ‚
1259 2663 1302 2704 ὠ·
1330 2663 1372 2700 Ρ.
1394 2662 1595 2710 Hyacinthe
1621 2663 1789 2715 Casalenfi
1812 2665 1989 2712 Capacino
2015 2663 2199 2703 hortante,
2224 2672 2322 2709 quem
2335 2669 2378 2697 ut

248 2710 396 2748 alterum
415 2709 635 2746 Bernardum
662 2719 724 2746 aut
739 2711 977 2761 Capistranum
1001 2724 1109 2748 omnes
1133 2720 1350 2748 venerantur
1367 2735 1378 2745 .

343 2761 434 2796 Inter
457 2769 586 2795 acerras
598 2782 610 2799 ‚
641 2758 707 2795 liba
719 2784 732 2803 ‚
757 2761 792 2797 8(
803 2772 907 2807 opera
923 2761 1076 2799 Eccleliae
1092 2762 1175 2798 dum
1190 2761 1233 2797 ita
1254 2761 1476 2810 Hyacinthus
1489 2762 1628 2799 desudat
1642 2786 1655 2805 ,
1681 2762 1723 2797 ad
1738 2762 1878 2807 negotia
1897 2760 2094 2807 Religionis
2108 2760 2144 2797 8<
2162 2758 2298 2806 lmperii
2312 2761 2379 2794 tra-⁸

249 2808 375 2846 &anda
404 2807 570 2844 Urbanus
587 2807 690 2843 Vlll-
709 2809 913 2855 Apostolico
939 2811 1128 2857 diplomate
1152 2810 1236 2845 infra
1253 2810 1431 2854 videndo,
1457 2811 1491 2846 in
1506 2811 1657 2847 Galliam
1677 2835 1690 2854 ,
1716 2812 1917 2857 Hispaniam
1933 2835 1945 2855 ‚
1967 2810 2113 2857 aliasque
2136 2809 2372 2856 quascumque

253 2856 460 2895 Provincias
480 2856 566 2891 Eum
581 2856 695 2891 denuo
711 2857 847 2902 ablegat
859 2882 870 2894 .
897 2859 965 2896 lter
980 2859 1046 2895 hoc
1061 2867 1242 2906 antequam
1256 2856 1462 2906 susciperet,
1477 2859 1577 2895 rediit
1590 2870 1634 2895 ex
1653 2860 1782 2904 Anglia
1798 2859 1888 2896 illius
1904 2860 2027 2896 Socius
2040 2882 2053 2901 ‚
2070 2860 2109 2896 P.
2128 2857 2325 2894 Alexander
2334 2857 2377 2891 de

250 2908 337 2946 Ales
349 2928 362 2950 ,
387 2904 430 2942 de
442 2906 542 2944 cuius
565 2904 668 2950 gestis
682 2907 906 2953 Apostolieus
919 2906 1087 2944 Flandriae
1105 2907 1263 2942 Nuntius
1276 2906 1449 2955 sequentia
1472 2907 1514 2944 ad
1531 2908 1749 2944 cardinalem
1764 2910 1997 2946 Secretarium
2018 2908 2136 2948 Statsts
2158 2903 2346 2953 perscripfit
2359 2927 2371 2940 .

816 3034 1093 3103 Illustriffi'me
1105 3069 1121 3092 ,
1157 3051 1205 3082 ac
1227 3033 1588 3100 Reverendffme
1607 3036 1788 3083 Domine
1808 3070 1823 3083 .

347 3170 470 3220 Elapsd
481 3172 684 3222 Septimanti
703 3170 760 3207 hic
775 3169 922 3206 advinit
934 3166 991 3203 Fr.
1005 3164 1221 3204 ‘Alexander
1244 3167 1286 3205 de
1306 3167 1409 3206 eAles
1420 3196 1434 3212 ,
1448 3167 1668 3218 Capucinus‚
1685 3167 1712 3204 S
1716 3167 1806 3203 ocius
1826 3164 1868 3204 P.
1882 3162 2082 3211 Hyacinthi
2096 3186 2108 3206 ‚
2134 3160 2158 3197 ἄ
2175 3173 2239 3209 quo
2259 3161 2375 3218 ant-e?

250 3219 384 3268 aliquot
403 3221 526 3268 menses
546 3223 585 3257 in
599 3220 792 3270 obsequium
809 3220 932 3255 ‘Ducis
948 3216 1119 3253 ‘Ba-varia
1131 3215 1209 3263 fuit
1219 3217 1258 3251 in
1271 3215 1452 3266 vfngliam
1466 3215 1597 3267 miffus,
1625 3217 1668 3258 ὠ·
1691 3215 1736 3251 ad
1748 3215 1845 3264 cujus
1860 3214 2042 3264 instantias
2065 3222 2126 3259 ego
2145 3209 2241 3247 illum
2252 3219 2376 3267 varus·

254 3269 553 3307 commendationis
565 3270 711 3307 Litteris
735 3269 780 3304 ad
795 3269 841 3306 D.
859 3268 1022 3306 Comitem
1040 3263 1178 3300 Tilliers
1193 3288 1206 3307 ‚
1231 3263 1415 3304 Oratorem
1433 3267 1555 3304 Galliae
1571 3291 1582 3309 ‚
1599 3267 1650 3301 ibi
1664 3264 1855 3314 restdentem
1870 3287 1884 3306 ⁵
1908 3262 2055 3311 aliosque
2068 3259 2164 3298 Cleri
2180 3257 2374 3315 Angltcam

246 3316 439 3367 Afflstentes
456 3319 614 3361 munivi,
625 3327 794 3365 quatenus
811 3318 939 3365 probus
954 3313 1194 3362 agnosceretur
1210 3312 1405 3362 Religiosus
1419 3342 1431 3352 .
1445 3313 1730 3352 Recomrnendavi
1745 3312 1804 3362 Ipsi
1812 3313 1948 3362 pariter
1971 3308 2197 3349 redufiionem
2220 3307 2268 3344 ad
2279 3317 2374 3342 viam

245 3366 383 3406 Salutis
406 3367 628 3415 quorumdam
655 3364 791 3401 illorum
817 3390 829 3408 ,
856 3367 917 3413 qui
952 3364 997 3401 ad
1018 3362 1106 3399 illud
1123 3375 1265 3409 regnum
1284 3375 1368 3406 ,ceu
1393 3365 1438 3400 ad
1465 3363 1668 3411 asylumsuae
1683 3362 1801 3410 fugae,
1817 3357 2051 3411 secesserant,
2071 3367 2241 3406 quatenus
2263 3366 2374 3412 cunt-3

248 3417 329 3452 boni
343 3417 452 3464 operis
465 3415 633 3451 molimine
648 3439 662 3459 ‚
676 3423 806 3461 tegeret
822 3414 883 3462 sui
898 3414 1038 3451 itineris
1053 3412 1217 3448 motivum
1232 3437 1244 3454 ‚
1256 3423 1332 3448 cum
1348 3411 1392 3450 P.
1405 3412 1627 3460 Hyacinthus
1639 3410 1735 3447 illum
1751 3409 1815 3458 ase
1838 3409 1921 3446 illuc
1934 3403 2236 3464 ablegatumfuiffjt
2253 3429 2266 3448 ‚
2281 3404 2374 3452 scire

246 3476 316 3501 non
330 3465 504 3502 voluerit.
531 3464 664 3501 Diebus
690 3464 863 3499 duntaxat
882 3472 1031 3510 quatuor
1055 3460 1110 3496 hic
1126 3460 1377 3504 cunfiiabatum
1404 3461 1447 3502 ὠ·
1473 3460 1564 3496 illico
1595 3459 1733 3509 diseeffit
1749 3459 1940 3495 Bavariam
1965 3457 2111 3500 versus,
2135 3456 2178 3497 &⁸
2200 3453 2286 3513 φάε
2302 3451 2374 3510 {Co-

247 3525 334 3552 mam
350 3525 424 3552 eum
449 3515 584 3550 iturum
595 3513 694 3549 credo
709 3537 718 3547 .
745 3511 886 3548 Retulit
907 3511 991 3547 mihi
1012 3510 1067 3547 hic
1083 3509 1189 3546 Pater
1203 3533 1214 3552 ‚
1240 3509 1329 3558 quod
1352 3509 1474 3546 habite
1494 3509 1676 3558 aliquoties
1695 3509 1790 3557 copiti
1808 3506 2006 3556 conferendi
2027 3516 2102 3542 cum
2118 3503 2242 3560 Reg'35
2256 3501 2375 3539 Mini-

241 3561 327 3612 stris
341 3589 352 3606 ,
377 3563 419 3605 ὼ·
443 3563 546 3599 etiam
559 3561 626 3611 ipso
641 3559 735 3608 Rege
748 3584 761 3604 ‚
787 3559 843 3597 hlc
857 3561 998 3598 Patrem
1011 3571 1071 3596 ceu
1092 3555 1301 3607 Religiosum
1315 3558 1494 3607 agnoscens
1506 3582 1519 3602 ‚
1545 3559 1592 3599 ὠ*
1605 3557 1702 3593 illum
1724 3557 1765 3593 de
1781 3556 1833 3592 his
1849 3556 2010 3604 partibus
2022 3550 2148 3610 venisse
2163 3554 2280 3608 sciens
2296 3574 2308 3592 ⁵
2326 3549 2375 3607 ‘de

250 3622 324 3654 me,
350 3610 444 3654 &de
460 3610 523 3647 illa
547 3609 797 3659 interpositione
811 3634 825 3653 ,
850 3621 951 3658 quam
973 3608 1064 3657 apud
1085 3607 1311 3643 Sanflitatem
1325 3607 1425 3654 suam
1447 3607 1529 3656 effici
1553 3606 1762 3656 desiderabat
1783 3629 1796 3647 ‚
1818 3605 1864 3647 ὡ·
1885 3605 1926 3641 de
1951 3616 2018 3653 qua
2034 3627 2048 3647 ‚
2068 3611 2173 3658 Juxta
2189 3612 2261 3649 jam
2285 3595 2373 3633 alias

250 3658 378 3710 illustri
412 3671 469 3697 mae
483 3657 638 3697 Domff
632 3672 649 3695 e
677 3670 723 3696 rae
731 3659 921 3708 perfiripta
934 3683 948 3703 ‚
974 3658 1090 3695 Comes
1101 3654 1142 3691 de
1157 3654 1306 3704 eArgyle
1321 3666 1362 3693 ex
1377 3656 1498 3692 ordine
1513 3654 1623 3702 Regio
1638 3681 1644 3692 ‚
1661 3666 1788 3691 mecum
1797 3655 1952 3704 conferre
1967 3654 2097 3699 incepit
2112 3676 2123 3694 ‚
2151 3649 2285 3685 locutus
2292 3646 2374 3704 sue-

249 3709 303 3747 rit
317 3735 327 3750 ,
352 3659 562 3759 affrmatque
581 3710 618 3745 di
649 3720 688 3745 us
703 3708 812 3746 Pater
824 3733 837 3752 ,
862 3708 951 3756 quod
963 3705 1041 3743 Rex
1053 3703 1241 3754 hujusmodi
1268 3707 1500 3742 commercium
1512 3703 1660 3752 cumsua
1673 3702 1866 3740 Sanctitate
1885 3701 2226 3750 haberesummopere
2238 3702 2375 3744 cupiat,

251 3757 404 3806 mihique
416 3758 546 3807 referre
560 3755 696 3809 jufferit
708 3781 720 3800 ,
746 3759 836 3805 quod
855 3757 977 3806 insuat
993 3754 1232 3793 Beatitudinis
1256 3753 1434 3802 respefiium
1461 3761 1582 3789 contra
1598 3751 1789 3790 Catholicos
1802 3777 1813 3797 ‚
1842 3763 1909 3788 non
1931 3750 2079 3801 obstante
2105 3745 2252 3795 rigoroso
2272 3743 2364 3801 Par-

251 3806 395 3843 lamenti
419 3807 522 3844 ediiio
547 3830 560 3850 ‚
594 3818 670 3843 cum
699 3806 925 3843 moderamine
937 3805 983 3855 stt
1002 3799 1214 3853 processurus
1235 3828 1243 3842 ,
1270 3814 1308 3838 ac
1332 3802 1403 3839 alia
1431 3813 1562 3852 quoque
1587 3801 1828 3848 particularia
1857 3799 2086 3850 subjunxerit
2107 3821 2121 3841 ,
2148 3796 2192 3853 ab
2217 3790 2376 3849 llluflrjs-

252 3856 335 3893 sima
351 3856 527 3941 [Yiominat.
541 3853 658 3906 Vestra
679 3864 835 3894 oretenus
848 3857 869 3892 d
884 3861 1063 3903 memorato
1077 3852 1186 3891 Patre
1194 3851 1418 3901 percipienda
1429 3874 1443 3898 ,
1456 3850 1534 3900 casa
1545 3874 1559 3895 ‚
1587 3861 1655 3938 qluo
1675 3852 1696 3887 ἂ
1709 3851 1808 3889 Duce
1824 3849 1995 3888 ‘Bavariae
2007 3874 2017 3891 ,
2039 3854 2143 3895 prout
2164 3842 2223 3880 ille
2237 3840 2374 3927 {mle-tt,

387 3916 447 3941 om.
461 3904 522 3944 111.
1643 3911 1656 3935 1
