2716 4082
731 234 811 319 E
861 231 1234 318 L‘E'N‘
1272 232 1500 325 CH·
1546 240 1622 327 U
1684 237 1776 329 S.

242 347 584 403 Monacbanda·
606 351 781 401 Dotem
806 367 923 398 200.
960 347 1277 400 ducatorum...

236 435 408 490 -praeter
437 417 569 470 solita
597 420 786 471 mobilia
815 420 1080 488 apportari5
1127 422 1280 471 Servi-

234 493 362 541 tium
389 490 566 541 Medici
578 491 837 561 gratuitum
856 489 1125 556 procurari3
1155 509 1207 541 ac
1226 509 1280 542 ex

240 563 528 612 Parthenone
563 558 812 612 Cosentino
840 560 1068 612 Moniales
1095 578 1179 629 pro
1219 563 1284 611 in-

237 630 484 683 structione
508 631 693 688 vocari,
711 629 1078 698 Archiepiscopo
1113 629 1282 682 Cosen-

238 704 337 753 tino
371 700 657 757 committit,
689 717 743 749 ac
761 702 990 753 Moniales
1010 699 1090 750 sub
1107 700 1281 768 jurisdi-

236 774 390 824 ctione
420 771 658 825 Ordinarii
686 770 900 822 omnibus
915 771 1109 824 Ordinis
1140 770 1279 837 privi-

234 846 370 914 legiis
403 842 497 894 frui
533 839 766 893 declarat.
805 841 991 893 Clemens
1018 838 1157 892 VIII.
1189 859 1278 891 cum

233 931 349 965 nota.
1136 914 1273 971 '“78

305 983 623 1036 Concordiam
642 983 764 1033 circa
782 981 1078 1034 donationem
1107 982 1276 1035 Rutilii

211 1108 215 1113 ..
236 1054 423 1106 Caballi
455 1073 542 1124 pro
579 1052 914 1104 construetione
936 1071 1069 1103 novae
1088 1050 1272 1105 Domfis

234 1124 508 1178 Amantbeae
556 1121 725 1175 fastam
787 1123 1011 1191 approbat
1039 1161 1051 1173 .
1117 1123 1277 1190 Grego-

235 1201 324 1246 rius
339 1196 395 1247 X
406 1195 458 1245 V.
488 1213 576 1243 cum
594 1210 692 1243 nota
712 1229 725 1243 .
1205 1212 1273 1255 79

301 1268 494 1316 Novam
530 1262 890 1316 transassionem'
922 1264 1046 1315 circa
1081 1263 1273 1315 eandem

230 1335 527 1387 donationem
543 1333 1010 1386 confirmat.Urbanus
1036 1333 1174 1387 VIII.
1205 1337 1267 1386 81

302 1405 505 1476 Epistola
536 1410 639 1457 Sac.
660 1411 899 1477 Congoeg.
924 1406 1076 1475 Episc.
1112 1405 1160 1459 ὅ(
1181 1409 1270 1456 Re-

230 1478 381 1548 gular.
408 1482 454 1528 A
471 1478 755 1530 Monialibus
773 1480 994 1530 Civitatis
1014 1476 1271 1530 Cosentinae

231 1550 502 1618 contiguam
523 1552 735 1599 Domum
754 1549 845 1598 emi
859 1584 875 1606 ,
904 1548 952 1601 ὃς
971 1549 1271 1600 Valetudina-

231 1621 356 1673 tium
375 1618 607 1680 construi,
630 1618 996 1689 Archiepiscopo
1014 1622 1127 1673 Loci
1142 1636 1271 1670 com-

229 1692 435 1742 mittitur
450 1728 463 1739 .
495 1709 585 1741 cum
605 1707 727 1742 nota.
1201 1690 1264 1736 82

301 1766 491 1814 Sacram
507 1762 849 1831 Supellestilem
866 1759 893 1810 ὃ
914 1758 1126 1811 sacristia
1139 1793 1156 1816 ‚
1193 1759 1269 1811 vel

228 1830 431 1882 Ecclesia
466 1830 650 1882 Domfis
692 1831 933 1883 Coriolani
972 1828 1161 1880 distrahi
1192 1847 1270 1878 ve-

229 1916 300 1951 tat
317 1938 330 1950 .
369 1898 504 1950 Idem.
1199 1902 1226 1947 8
1237 1919 1261 1963 3

298 1977 500 2023 Decreto
525 1975 678 2023 'Sacr.
728 1974 929 2023 Rituum
977 1973 1264 2041 Congregat.

228 2047 277 2094 A
299 2042 533 2093 Fratribus
561 2045 605 2094 in
634 2045 741 2095 loco
758 2043 948 2094 Murani
974 2041 1132 2092 Miffas
1164 2056 1267 2093 ante

230 2112 569 2166 Procesfionem
597 2116 642 2165 in
663 2113 795 2166 Festo
814 2112 1092 2167 Sanffiffimi
1115 2117 1271 2164 Sacra-

226 2187 374 2236 menti
393 2184 486 2237 ἅε.
524 2185 742 2237 celebrari
762 2184 1032 2253 indulgetur
1050 2220 1066 2243 ,
1088 2183 1269 2237 Consti-

228 2258 408 2307 tutione
437 2260 586 2326 Greg.
615 2260 769 2310 XIII.
796 2253 990 2325 desuper
1021 2255 1140 2307 edita
1176 2273 1267 2307 non

230 2326 432 2378 obstante
450 2362 463 2375 .
501 2346 590 2375 cum
620 2343 746 2378 nota.
1198 2329 1265 2391 84

300 2399 557 2464 Antiquam
574 2401 784 2448 Domum
804 2396 1144 2451 Castrovillarii
1165 2416 1268 2448 ven-

229 2466 315 2527 di,
350 2467 400 2520 ὅῑ
421 2486 589 2520 novam
604 2468 804 2520 construi
825 2469 1064 2527 concedit,
1097 2468 1266 2522 offibus

229 2553 527 2592 mortuorum
554 2539 679 2609 prius
706 2538 801 2591 alio
835 2541 1063 2591 translatis
1081 2576 1095 2591 .
1134 2539 1264 2591 Idem.

229 2629 320 2661 cum
342 2624 442 2660 nota
457 2645 473 2662 .
1199 2616 1223 2664 8
1235 2628 1262 2672 5

268 2739 270 2741 ,
301 2682 507 2733 Pretium
524 2698 578 2732 ex
592 2679 784 2733 vendito
797 2681 962 2733 veteris
978 2678 1158 2730 Dormis
1176 2685 1268 2731 Ru-

229 2752 353 2804 blani
376 2750 465 2802 fitu
493 2752 729 2801 redat‘ium
757 2756 803 2801 in
821 2750 1148 2802 extinctionem
1166 2753 1265 2803 aeris

229 2824 398 2881 alieni,
427 2839 511 2890 pro
532 2839 665 2872 novae
687 2820 866 2873 Domus
893 2820 1065 2873 fabrica
1088 2837 1266 2872 contram

229 2893 293 2944 sti
326 2930 343 2953 ‚
388 2894 606 2964 applicari
639 2891 882 2961 indulget,
915 2892 1263 2958 legitimatquea

230 2963 548 3014 venditionem
584 2961 898 3013 succeffivarnv
924 2962 1109 3029 perinde
1138 2997 1154 3020 ,
1209 2980 1261 3011 ac

228 3033 266 3086 fi
297 3037 435 3086 unico
470 3031 588 3086 faeta
616 3031 764 3086 fuisset
792 3046 1011 3085 contextu
1030 3067 1043 3082 .
1074 3029 1263 3082 Innocen-

233 3109 320 3156 tius
334 3105 405 3157 Χ.
1199 3107 1264 3164 87

305 3175 568 3244 Imaginem
619 3178 672 3226 B.
696 3174 906 3242 Virginis
948 3175 1110 3225 Mariae
1156 3176 1265 3223 cele·

235 3246 365 3299 brem
390 3281 406 3306 ,
444 3244 494 3297 &
541 3244 599 3295 ad
635 3245 885 3296 Ecclesiam
918 3261 1046 3295 novae
1081 3242 1263 3296 Domfis

236 3316 459 3368 CivitatIs·
476 3313 758 3367 Rossanenfis
770 3319 866 3377 jam
886 3318 1152 3366 translatam
1170 3351 1185 3373 ,
1210 3332 1263 3363 ex

235 3389 320 3440 hac
347 3385 520 3436 extrahi
544 3383 625 3437 sub
645 3383 833 3437 censura
859 3398 987 3435 vetat
1006 3421 1018 3435 .
1071 3387 1266 3436 Alexan-

234 3460 308 3512 der
331 3456 442 3510 VII.
484 3474 571 3506 cum
585 3471 698 3508 nota.
1195 3458 1259 3502 88

306 3533 510 3581 Decreto
537 3530 640 3579 Sac.
661 3529 906 3595 Congreg.
923 3524 1073 3593 Episc.
1099 3524 1148 3578 &t
1173 3529 1263 3577 Re-

236 3601 334 3670 gul·
357 3604 618 3654 'Decretum
651 3595 947 3650 Illustriffimi
975 3632 991 3654 ‚
1034 3595 1082 3648 ὅ(
1118 3600 1263 3646 Reve-

238 3668 484 3722 rendiffimi
519 3673 581 3719 D.
615 3665 826 3735 Episcopi
873 3664 1141 3720 Bifinianen.
1175 3665 1263 3717 dea

236 3739 525 3791 Proceffione
561 3756 667 3791 curn
703 3741 861 3788 Statua
899 3740 959 3785 D.
991 3738 1186 3788 Antonii
1216 3738 1260 3784 in

234 3808 418 3862 Habitu
441 3811 682 3878 Capucino
703 3825 783 3876 per
810 3806 981 3858 dictam
1007 3809 1258 3859 Civitatem

2009 287 2010 290 κ
2039 252 2308 333 xxxvii

1341 360 1579 420 quotannis
1621 355 1826 409 facienda
1859 356 2160 413 confirmatur
2184 397 2198 411 .
2247 374 2371 414 cunt..

1340 441 1439 475 nota
1457 460 1469 474 .
2302 435 2371 492 89

1414 499 1614 547 Decreto
1637 500 1740 548 Sac.
1759 503 1997 570 Congreg.
2024 500 2175 567 Episc.
2204 501 2254 554 δε
2284 507 2369 552 Re-

1341 567 1442 683 pul.
1478 571 1525 618 A
1559 569 1701 619 Clero
1736 569 1986 621 Cosentino
2019 569 2249 622 Officium
2278 576 2372 623 De-

1364 636 1605 687 untstorum
1641 638 1686 684 in
1718 641 1917 690 Ecclefia
1950 643 2166 693 Fratrum
2195 643 2257 691 ibi
2296 661 2371 692 oc·

1340 703 1517 758 cafione
1555 702 1738 756 funeris
1763 707 1854 759 ἃς.
1896 710 2020 761 licite
2061 730 2151 763 non
2191 715 2373 763 recitari

1339 772 1533 842 potuisse
1560 809 1576 831 ,
1618 791 1700 823 nec
1730 793 1939 842 quartam
1972 779 2222 832 funeralem
2247 782 2367 848 just&

1337 842 1601 911 praetensam
1626 844 1714 894 effe
1730 881 1746 903 ,
1770 848 2042 898 declaratur.
2063 872 2150 902 cum
2164 870 2276 903 nota.
2299 874 2364 915 91

1410 918 1614 965 Decreto
1657 918 1761 966 Sac.
1805 921 2088 990 Congregat.
2130 921 2278 990 Episc.
2317 923 2369 976 ἃ

1339 986 1510 1053 Regul.
1550 985 1759 1038 Clericos
1795 990 2046 1038 Provinciae
2080 993 2124 1038 in
2164 994 2366 1059 qualibet

1337 1052 1570 1105 functione
1600 1057 1763 1107 Laicos
1798 1058 2053 1125 praecedere
2089 1060 2250 1113 debere
2286 1062 2366 1113 sta·

1336 1126 1486 1177 tuitur
1513 1160 1531 1184 ,
1578 1121 1662 1177 usu
1702 1128 1955 1178 Provinciae
1991 1140 2084 1180 non
2123 1130 2328 1184 obstante
2350 1170 2364 1184 .

1332 1215 1421 1247 cum
1450 1212 1575 1245 nota.
2250 1223 2252 1225 ’
2295 1223 2360 1263 92

1401 1271 1602 1320 Decreto
1636 1269 1738 1318 Sac.
1767 1270 2005 1339 Congreg.
2037 1273 2237 1322 Concilii
2261 1309 2276 1330 ,
2317 1282 2363 1324 A

1333 1340 1508 1409 Legato
1550 1338 1626 1406 pio
1665 1336 1909 1390 Miffarum
1951 1342 1977 1389 ὲ
2020 1339 2229 1408 Gasparo
2261 1347 2363 1392 Ma-

1331 1410 1514 1460 niccaro
1556 1411 1732 1461 Domui
1771 1411 1986 1463 Nuceriae
2019 1412 2183 1462 relic'to
2211 1415 2364 1480 Qar-

1331 1494 1428 1529 tam
1462 1479 1638 1529 detrahi
1671 1479 1934 1533 inhibetur.
2292 1497 2366 1547 93·

1402 1555 1609 1600 Decreto
1647 1552 1750 1599 Sac.
1789 1553 1984 1600 Rituum
2025 1555 2364 1623 Congregatio-

1330 1621 1428 1678 nis,
1461 1619 1599 1668 Ordo
1619 1619 1915 1672 Proceffionis
1941 1625 1984 1670 in
2008 1623 2227 1673 honorem
2251 1628 2362 1674 Bea-

1329 1704 1387 1740 tae
1415 1690 1624 1764 Virginis
1655 1691 1815 1739 Mariae
1846 1695 2161 1743 Immaculatae
2191 1696 2236 1743 in
2257 1697 2362 1745 loco

1330 1766 1379 1813 S.
1404 1762 1601 1830 Joannis
1633 1759 1690 1808 de
1721 1762 1856 1814 Flore
1883 1761 2165 1815 instituendae
2190 1800 2206 1822 ,
2242 1769 2360 1816 inter

1332 1837 1441 1883 RR.
1473 1835 1559 1882 ΡΡ.
1594 1829 1912 1884 Cistercienses
1936 1868 1953 1891 ,
1996 1833 2045 1886 <Sc
2076 1839 2257 1887 Fratres
2287 1855 2363 1886 no-

1328 1902 1441 1956 stros
1474 1904 1735 1972 regulatur.
2298 1908 2363 1957 ibi

1399 1978 1600 2025 Decreto
1627 1977 1675 2025 S.
1693 1978 1931 2046 Congreg.
1950 1972 2098 2044 Episc.
2117 1974 2165 2028 ὃ(
2187 1980 2360 2045 Regul.

1328 2044 1513 2099 Erectio
1549 2040 1729 2094 Domus
1760 2045 1807 2095 in
1837 2049 1983 2097 Terra
2013 2050 2360 2100 Caroleorum..

1330 2117 1357 2169 ὲ
1379 2117 1608 2166 nonnullis
1634 2115 1956 2170 Sacerdotibus
1980 2115 2060 2168 sub
2091 2119 2230 2169 titulo
2248 2118 2360 2171 Mis-

1330 2187 1633 2242 fionariorum
1667 2186 1885 2254 praetensa
1916 2187 2215 2256 reprobatur.
2297 2190 2359 2240 ibi

1402 2264 1601 2310 Decreto
1626 2262 1673 2308 S.
1692 2261 1933 2329 Congreg.
1953 2257 2102 2328 Episc.
2117 2258 2166 2311 ἃ
2187 2263 2356 2330 Regul-

1330 2333 1387 2380 In
1410 2328 1543 2380 causa
1563 2327 1798 2396 Hospitii,
1823 2333 1868 2379 in
1890 2329 2038 2383 Terra
2056 2332 2252 2381 Cetrarii
2276 2334 2356 2381 eri·

1325 2402 1464 2471 gendi
1500 2405 1607 2450 RR.
1636 2403 1723 2449 ΡΡ.
1755 2403 1980 2452 Minimos
2011 2399 2221 2451 inter-<31
2248 2407 2352 2452 Fra·

1326 2488 1417 2522 tres
1450 2469 1628 2522 nostros
1663 2484 1865 2521 vertente
1885 2507 1902 2529 ‚
1935 2469 2016 2520 sub
2056 2473 2194 2521 variis
2231 2474 2356 2522 claua

1327 2541 1435 2595 sulis
1464 2541 1633 2592 ereffio
1660 2540 1885 2609 prioribus
1914 2540 2210 2591 conceditur.
2282 2560 2352 2605 94

1399 2617 1599 2664 Decreto
1631 2616 1777 2662 Sacrae
1807 2615 2090 2682 Congregat.
2120 2613 2319 2662 Concilii
2339 2647 2353 2661 .

1329 2687 1377 2734 A
1408 2685 1615 2750 Principe
1647 2680 1861 2733 Bifiniani
1890 2682 1935 2732 in
1965 2686 2102 2739 loco,
2134 2679 2181 2731 <Sc
2214 2679 2352 2732 feudo

1327 2752 1408 2806 suo
1439 2755 1569 2804 Acrii
1600 2751 1928 2803 Monasterium
1962 2773 2040 2805 21·
2071 2754 2352 2802 Monialium

1327 2825 1671 2892 Capucinarum
1705 2821 1905 2875 construi
1933 2858 1949 2881 ,
1992 2822 2041 2874 δε
2081 2842 2099 2872 ι
2112 2841 2156 2884 3.
2191 2841 2351 2874 earum

1325 2893 1381 2945 ab
1422 2891 1518 2960 ipso
1562 2893 1766 2957 Principe
1795 2927 1811 2949 ,
1852 2893 1901 2943 δι
1937 2898 2031 2956 ejus
2064 2892 2350 2950 haeredibus,

1324 2965 1432 3013 alias
1463 2964 1575 3012 vero
1600 2961 1656 3014 ab
1682 2960 1936 3015 Ordinatio
1959 2964 2185 3013 nominari
2200 2999 2217 3021 ,
2247 2965 2351 3029 Epi·

1326 3031 1462 3100 scopo
1495 3032 1559 3083 ibi
1592 3034 1901 3082 committitur
1922 3069 1935 3081 .
2283 3032 2348 3080 ibi

1397 3107 1593 3156 Servum
1625 3104 1714 3152 Dei
1746 3105 1822 3153 Fr.
1849 3104 2087 3173 Angelum
2116 3100 2172 3149 ab
2196 3103 2348 3153 Acrio

1325 3176 1371 3227 in
1384 3173 1572 3223 AEdibus
1592 3172 1809 3237 Principis
1828 3168 2133 3225 Bifinianenfis
2150 3170 2207 3220 ad
2227 3173 2349 3221 bien·

1324 3246 1453 3296 nium
1496 3243 1771 3294 commorari
1805 3277 1822 3299 ,
1871 3241 2081 3311 indulget
2112 3278 2123 3290 .
2172 3241 2350 3290 Benedi-

1325 3314 1413 3366 Hus
1439 3311 1589 3363 XIII.
1621 3331 1709 3361 cum
1732 3327 1854 3361 nota.
2276 3330 2344 3375 95

1397 3388 1594 3434 Decreto
1629 3388 1773 3433 Sacrae
1802 3386 2088 3452 Congregat.
2113 3380 2261 3450 Episc.
2298 3382 2347 3433 ὅ(

1326 3456 1498 3522 Regul.
1540 3455 1842 3503 commutati-o
1869 3454 1976 3520 petii
1995 3455 2151 3503 Terrae
2171 3455 2346 3502 Domui

1323 3525 1509 3576 Sciliani
1539 3524 1660 3573 conti
1698 3523 1743 3571 ui
1770 3517 1850 3571 sub
1878 3522 2160 3592 obligatione
2186 3540 2346 3573 manu-

1322 3593 1527 3647 tenendae
1556 3537 1771 3644 claufiirae
1803 3593 2067 3642 conceditur
2087 3629 2099 3642 .
2274 3610 2342 3652 97

1394 3669 1595 3716 Decreto
1629 3666 1676 3715 S.
1708 3666 1946 3731 Congreg.
1980 3662 2129 3730 Episc.
2171 3662 2219 3713 <Sc
2257 3667 2346 3710 Re-

1321 3737 1419 3803 gul.
1452 3732 1763 3783 Festivitatem
1791 3738 1839 3784 S.
1867 3730 2087 3784 Paschalis
2119 3734 2145 3780 a
2179 3732 2343 3780 Fratri-

1322 3805 1405 3856 bus
1443 3801 1601 3854 nostris
1632 3805 1787 3854 Terrae
1820 3803 1944 3854 Lutii
1981 3801 2078 3871 ipso
2117 3801 2190 3849 die
2206 3805 2345 3910 &San-

2222 3884 2256 3910 ,,
2274 3899 2287 3922 ‚
