2664 4114
431 254 531 339 532

359 347 542 393 Fratres
573 341 620 389 in
659 340 907 391 Conventu
938 335 1131 386 Marsici
1171 341 1282 389 novi
1323 357 1400 390 va-

424 413 504 460 riis
536 416 828 461 Doemonum
862 407 1146 458 illusionibus
1174 426 1396 470 vexatos,

421 480 525 550 post
560 483 741 549 perasta
772 475 1043 547 praescriptae
1074 482 1259 549 pietatis
1296 498 1401 549 ope·

423 571 473 601 ra
505 553 561 601 ab
593 552 718 601 omni
749 547 938 600 censura
969 549 1061 601 διο.
1098 551 1400 602 Αυᾶοῑίτειῐε

426 624 582 689 Papali
629 619 804 671 absolvi
836 657 853 680 ‚
891 619 1055 690 eosque
1093 621 1142 674 &
1181 627 1399 673 Conven-

427 709 527 741 tum
559 726 576 749 ,
622 690 772 742 delata
799 710 879 761 per
905 693 1028 742 hunc
1061 697 1108 744 S.
1138 698 1294 745 Cruce
1327 695 1399 743 be·

426 761 576 811 nedici
607 798 623 821 ,
664 762 892 832 Episcopo
931 765 1042 813 Loci
1077 767 1153 815 vel
1186 769 1279 829 ejus
1314 766 1401 817 Vi-

424 833 550 882 cario
588 836 811 901 Generali
840 836 1098 886 committit
1116 872 1129 887 .

347 975 381 1016 A
398 981 518 1028 tergo
533 1005 545 1015 .
587 977 806 1020 Venerabili
819 978 966 1020 Fratri
984 976 1162 1034 Fpssopo
1178 977 1404 1035 Maeficano

419 1031 497 1090 stu
529 1034 687 1099 Dileflq
721 1035 827 1080 Filio
864 1038 1015 1079 Vicario
1042 1037 1124 1093 ejus
1149 1040 1192 1079 in
1210 1036 1306 1094 spt-

641 1096 863 1140 ritualibus
890 1097 1101 1139 Generali-

352 1215 1004 1269 INNOCENTIUS
1061 1218 1391 1268 PAPA.X.

431 1343 674 1386 Venerabilis
708 1347 860 1387 Frater
883 1373 897 1395 ,
929 1344 1006 1401 stu
1042 1347 1198 1388 Dilcffe
1229 1346 1311 1390 Fili

568 1402 748 1462 salutum
771 1429 784 1452 ,
818 1402 866 1447 (ς’
899 1402 1158 1456 Apostolicam

698 1458 1012 1503 Benedifflonem
1024 1488 1037 1500 .

451 1580 589 1633 Xponi
619 1593 748 1633 nuper
776 1579 906 1622 Nobis
935 1576 1124 1621 fecerunt
1153 1580 1303 1622 Dileffl
1329 1580 1395 1622 Fi-

481 1638 521 1679 lii
542 1638 834 1689 Guardianus‚
861 1639 900 1679 ἃ.
927 1639 1093 1680 Fratres
1122 1638 1276 1682 Domus
1307 1642 1393 1681 Re-

347 1697 502 1752 gularis
533 1700 721 1740 Fratrum
751 1697 916 1739 Ordinis
947 1702 987 1739 S.
1018 1698 1220 1740 francisci
1254 1699 1391 1741 Mino-

346 1769 436 1796 rum
468 1757 778 1812 Capucinorum
809 1767 1137 1811 nuncupatorum
1169 1758 1308 1798 Terrae
1334 1755 1390 1797 de

345 1815 520 1856 Marfico
550 1829 656 1858 novo
684 1816 988 1858 Marficanenlis
1023 1814 1246 1864 Dioeceiis,
1279 1813 1388 1871 quod

347 1874 537 1926 Novitii,
568 1876 607 1915 &
638 1874 706 1916 alii
735 1876 925 1925 Fratres,
949 1875 1073 1915 etiam
1090 1873 1256 1916 Profeffi
1277 1876 1391 1915 dieta»

344 1931 505 1976 Domus
535 1933 761 1988 Regularis
797 1934 918 1975 variis
947 1935 1199 1976 Doemonum
1240 1933 1392 1975 illusio-

344 1990 461 2034 nibus
491 2006 585 2035 cum
611 2006 752 2048 magna
776 1994 955 2034 omnium
981 1994 1299 2047 perturbatione
1321 2005 1390 2034 ve·

341 2061 520 2092 xantur.
557 2053 702 2108 Qare
732 2051 787 2092 ob
812 2051 964 2106 aliquas
994 2052 1389 2095 excommunicatio-

344 2111 407 2151 nis
438 2108 659 2152 sententias
688 2110 708 2151 ἐι
737 2109 777 2152 se
802 2136 816 2158 ‚
855 2110 920 2151 vel
950 2109 1000 2152 ab
1026 2110 1114 2153 aliis
1151 2112 1265 2153 dietae
1302 2114 1390 2153 Do-

341 2168 430 2210 mfis
463 2169 683 2224 Regularis
725 2169 933 2212 Fratribus
978 2181 1097 2212 antea
1146 2172 1384 2227 ignoranter

341 2229 544 2279 incursas,
578 2228 618 2271 id
650 2227 716 2270 fibi
746 2229 916 2270 evenire
940 2227 1175 2273 dubitantes
1198 2259 1213 2281 ,
1251 2230 1382 2272 Nobis

343 2286 557 2329 humiliter
586 2285 804 2343 supplicari
832 2285 1053 2340 fecerunt,
1088 2298 1130 2330 ut
1161 2289 1230 2331 fibi
1261 2287 1384 2331 desu-

341 2361 417 2404 per
459 2348 691 2401 opportune
729 2346 948 2401 providere
982 2348 1036 2392 de
1072 2348 1382 2403 benignitatta

343 2405 582 2459 Apostolica
609 2405 871 2460 dignaremur
888 2435 899 2446 .
925 2409 1013 2448 Nos
1036 2407 1160 2462 igitur
1177 2407 1382 2449 Guardia-

341 2478 441 2509 num
459 2493 472 2515 ,
497 2466 534 2506 &
565 2466 726 2507 Fratres
749 2464 990 2519 praedk‘tos,
1016 2480 1063 2508 ac
1089 2466 1187 2508 alios
1211 2465 1249 2507 in
1274 2465 1380 2519 dieta

343 2526 482 2566 Domo
509 2523 707 2578 Regulari
733 2524 933 2579 degentes
959 2523 1200 2581 specialibus
1229 2524 1378 2566 favori-

344 2584 448 2632 bus,
480 2583 520 2624 &
545 2583 683 2638 gratiis
713 2582 1117 2638 prosequivolentes
1134 2612 1148 2635 ,
1173 2585 1213 2625 &
1237 2597 1379 2627 eorum

343 2640 563 2696 singulares
578 2642 766 2697 personas
782 2641 802 2682 a
820 2640 1022 2697 quibusvis
1049 2644 1380 2685 excommunica-

343 2698 754 2755 tionis,suspenfionis
770 2702 846 2742 &c-
865 2700 887 2741 fi
905 2699 1048 2755 quibus
1061 2702 1378 2757 quomodolibet

342 2758 545 2800 innodatae
570 2759 774 2809 existunt,
806 2757 854 2801 ad
883 2759 1066 2801 effectum
1097 2761 1379 2816 praesentium-2

341 2818 542 2861 duntaxat
571 2817 935 2872 consequendum,
963 2820 1103 2860 harum
1121 2819 1222 2863 serie
1246 2818 1379 2862 absol-

341 2887 517 2927 ventes,
542 2879 582 2918 &
607 2876 805 2921 absolutas
820 2875 909 2919 fore
923 2880 1157 2928 censenteS,
1179 2879 1378 2933 hujusmo-

343 2935 386 2976 di
433 2934 792 2989 supplicationibus
841 2937 1022 2979 inclinati
1047 2965 1060 2987 ,
1114 2938 1376 2983 fraternitati

344 2995 444 3035 Tuae
476 2996 620 3037 Frater
640 2994 840 3051 Episcope
860 3026 875 3047 ,
909 2998 973 3038 seu
992 2995 1237 3040 Discretioni
1252 3000 1376 3049 Tuae,

339 3052 420 3094 Fili
439 3054 632 3105 Vicarie,
652 3070 726 3110 per
742 3052 955 3111 praesentes
981 3056 1279 3098 committimus
1296 3086 1310 3108 ,
1335 3059 1378 3099 δι’

341 3112 574 3157 mandamus
590 3142 606 3167 ,
632 3125 833 3174 quatenus
859 3114 884 3156 si
900 3144 916 3167 ,
947 3116 987 3157 &
1005 3112 1215 3172 postquam
1239 3118 1373 3159 Guar-

1142 222 1696 310 Provincia

1460 340 1603 383 dianus
1626 368 1641 391 ,
1673 343 1713 382 &
1746 339 1916 382 Fratres
1942 365 1956 387 ,
1995 353 2042 381 ac
2075 337 2144 381 alii
2183 336 2336 394 praesati
2370 339 2500 381 tribus

1459 400 1604 442 diebus
1635 401 1752 442 unius
1785 397 2053 441 hebdomadae
2081 400 2105 441 a
2132 398 2192 438 Te
2219 398 2300 440 illis
2327 398 2502 453 flamen-f

1459 458 1518 500 dae
1534 458 1842 515 jejunaverint,
1871 460 1909 499 δι
1926 456 2094 513 expleto
2118 455 2270 511 jejunio
2293 456 2497 512 hujusmo-

1461 518 1533 568 di,
1559 518 1704 571 praevia
1727 517 2018 560 sacramentali
2044 512 2305 558 confessione
2332 514 2499 572 sequen.

1463 578 1494 617 ti
1524 576 1740 616 Dominica
1765 575 2053 618 Sanffissimum
2081 575 2332 616 Eucharistiae
2353 578 2498 617 Sacra-

1462 645 1644 676 mentum
1663 633 1928 690 sumpserint,
1956 637 1995 677 &
2023 634 2094 683 iis,
2127 633 2271 688 quibus
2289 633 2341 676 de
2366 633 2498 691 jure,

1462 703 1691 745 tenentur,
1731 691 1755 734 fi
1784 694 1851 749 qui
1880 693 1955 736 fint
1981 721 1995 743 ,
2027 690 2330 740 satisfecerint-,-
2362 693 2498 747 ipsos,

1462 755 1499 795 δι
1526 765 1671 795 eorum
1698 753 1903 807 quoslibet
1933 755 1956 797 ὲ
1985 753 2188 809 quibusvis
2216 749 2499 793 excommuni-

1463 813 1661 861 cationis,
1689 811 1973 866 suspensionis,
1997 814 2036 853 δι
2059 810 2300 860 interdicti,
2328 809 2498 862 aliisque

1465 869 1753 913 Ecclesiasticis
1783 870 2019 919 sententiis,
2045 870 2250 921 censuris,
2272 870 2311 909 &
2335 868 2466 923 poenis
2484 895 2501 918 ,

1464 930 1590 973 etiam
1616 929 1658 970 in
1684 928 1838 970 Literis
1869 929 1937 971 die
1963 934 2103 972 Coena:
2131 928 2294 971 Domini
2325 926 2407 981 legi
2433 924 2496 967 so-

1464 989 1547 1031 litis
1566 1018 1581 1039 ,
1609 988 1815 1029 contentis
1835 1017 1850 1038 ,
1889 1000 1962 1041 per
1991 1001 2061 1029 eos
2094 990 2332 1044 ignoranter
2363 988 2497 1026 incur-

1456 1048 1501 1090 sis
1529 1046 1687 1088 tantum
1705 1074 1719 1097 ,
1749 1049 1829 1088 fine
1858 1057 1994 1087 tamen
2024 1045 2192 1102 alicujus
2214 1044 2461 1102 praejudicio
2479 1072 2495 1095 ‚

1456 1108 1495 1149 in
1531 1117 1704 1161 utroque
1738 1105 1829 1148 foro
1858 1105 2114 1147 authoritate
2144 1104 2291 1148 Nostra
2322 1101 2497 1157 Aposto-

1457 1166 1533 1208 lica
1551 1194 1564 1216 ,
1587 1167 1660 1206 hac
1678 1164 1767 1209 vice
1789 1166 1988 1206 duntaxat
2013 1163 2198 1207 absolvas
2213 1191 2227 1213 a
2251 1177 2297 1206 ac
2316 1164 2495 1203 Domum

1455 1224 1713 1278 Regularem
1735 1253 1748 1275 ,
1789 1238 1834 1265 ac
1867 1222 2147 1265 Guardianum
2174 1252 2188 1274 ,
2229 1223 2268 1262 &
2299 1223 2489 1271 Fratres,

1455 1299 1502 1326 ac
1544 1283 1645 1325 alios
1689 1284 1895 1338 praedietos
1931 1296 1982 1324 ex
2025 1293 2143 1337 parte
2183 1281 2491 1335 Omnipotentis

1457 1342 1568 1394 Dei,
1593 1343 1632 1383 δι
1658 1336 1873 1384 Beatorum
1903 1343 2047 1392 Petri,
2075 1343 2114 1383 δι
2141 1340 2257 1384 Pauli
2279 1338 2495 1395 Apostolo-

1459 1416 1547 1443 rum
1578 1401 1664 1457 ejus
1689 1429 1701 1451 ,
1732 1403 1772 1442 ὃ(
1801 1401 1946 1444 Nostra
1987 1400 2237 1450 benedicas,
2270 1399 2335 1441 seu
2361 1397 2494 1439 bene->

1455 1460 1536 1501 dici
1565 1473 1711 1510 cures,
1744 1475 1787 1502 ac
1821 1459 2090 1502 Doemonibus
2121 1458 2317 1514 praedit‘tis
2345 1457 2385 1497 in
2409 1456 2492 1497 vir-

1456 1529 1548 1559 tute
1579 1523 1618 1560 3.
1648 1522 1820 1566 (frucis,
1847 1533 1966 1574 quam
1998 1533 2068 1573 per
2099 1519 2245 1560 difflam
2277 1519 2491 1559 DomunL.

1457 1578 1715 1631 Regularem
1756 1577 1919 1619 deferes
1950 1605 1964 1627 ,
1998 1577 2137 1634 jubeas
2162 1607 2176 1628 ,
2227 1590 2278 1618 ne
2311 1573 2487 1630 amplius

1457 1639 1623 1679 fratres
1641 1663 1654 1685 ,
1686 1637 1724 1677 &
1751 1636 1851 1677 alios
1879 1635 2060 1691 praefatos
2091 1647 2273 1686 vexent,
2304 1636 2344 1676 δι
2367 1635 2392 1677 ὲ
2421 1633 2491 1675 di-

1456 1698 1515 1736 &a
1546 1697 1679 1735 Domo
1712 1693 1906 1750 Regulari
1934 1696 2065 1736 subito
2093 1693 2277 1750 fugiant.
2312 1697 2490 1736 Praeter-

1455 1767 1501 1795 ea
1524 1752 1680 1794 eisdem
1696 1782 1709 1803 ,
1734 1756 1827 1809 qui,
1852 1762 1895 1794 ut
1919 1751 2135 1810 praefertur
2151 1781 2164 1803 ‚
2191 1751 2493 1810 jejunaverint,

1455 1814 1492 1854 δι
1520 1811 1713 1861 confeffi,
1742 1826 1788 1854 ac
1811 1815 1980 1856 contriti
2013 1811 2300 1855 sanstiffimum
2324 1811 2491 1852 Eucha-

1456 1871 1570 1913 ristiae
1605 1873 1910 1914 Sacramentum
1947 1871 2184 1926 sumpserint
2209 1896 2223 1918 ι,
2261 1869 2490 1918 plenariam

1456 1932 1640 1973 omnium
1670 1942 1933 1986 peccatorum
1959 1930 2119 1974 suorum
2150 1928 2453 1984 Indulgentiam
2471 1958 2490 1979 ,

1455 1991 1495 2031 δι
1528 1989 1813 2033 Remissionem
1847 1989 2169 2032 misericorditer
2199 1989 2238 2030 in
2271 1987 2450 2029 Domino
2473 2014 2490 2039 ,

1455 2049 1725 2093 Authoritate
1754 2049 1902 2093 Nostra
1930 2051 2113 2105 praedi&a
2142 2061 2190 2089 ea
2219 2045 2308 2090 vice
2337 2045 2489 2088 dunta-

1455 2118 1522 2151 xat
1551 2109 1760 2164 elargiaris
1786 2123 1800 2162 3
1834 2124 1878 2151 ac
1904 2106 2187 2159 Confessum,
2217 2119 2268 2147 ex
2283 2105 2487 2162 approba-

1454 2169 1503 2210 tis
1533 2169 1583 2210 ab
1610 2183 1750 2212 eorum
1773 2169 2089 2222 Superioribus,
2118 2180 2191 2221 per
2216 2179 2313 2213 eos,
2339 2165 2404 2217 qui
2434 2166 2487 2207 ob

1447 2238 1635 2279 aetatem,
1670 2228 1735 2270 vel
1765 2226 2042 2271 infirmitatem
2063 2254 2078 2277 ,
2110 2234 2178 2266 aut
2209 2223 2320 2266 aliud
2348 2224 2489 2278 legiti-

1447 2302 1555 2329 mum
1587 2287 1925 2344 impedimentum
1946 2316 1959 2338 ,
1988 2298 2028 2327 ut
2062 2283 2274 2340 praefertur
2293 2311 2307 2334 ,
2328 2281 2487 2340 jejunas

1445 2360 1492 2389 re
1507 2362 1587 2389 non
1602 2357 1827 2403 poterunt,
1853 2345 2075 2402 eligendo,
2105 2341 2341 2386 facultatem
2371 2356 2487 2389 comq¹

1445 2408 1631 2447 mutandi
1660 2406 1740 2447 illis
1773 2420 1870 2447 onus
1899 2405 2043 2460 jejunii
2074 2401 2301 2459 hujusmodi
2330 2401 2370 2442 in
2404 2400 2510 2444 alia*

1443 2465 1610 2518 pietatis
1640 2478 1764 2519 opera
1782 2492 1796 2514 ,
1827 2477 1910 2518 quae
1938 2462 2163 2517 adimplere
2190 2460 2382 2510 valeant,
2407 2459 2484 2502 im-

1443 2523 1654 2578 partiatis3
1690 2526 1783 2566 Non
1810 2522 2054 2565 obstantibus
2083 2518 2481 2572 Constitutionibus,

1443 2585 1479 2623 &
1506 2583 1843 2624 Ordinationibus
1875 2580 2119 2637 Apostolicis
2143 2609 2159 2630 ,
2195 2577 2482 2635 ceterisque-³

1443 2642 1658 2684 contrariis
1682 2640 1984 2697 quibuscunque
2001 2670 2012 2681 .
2040 2643 2189 2682 Datum
2211 2640 2348 2681 Romae
2372 2635 2482 2693 apud

1444 2704 1484 2743 S.
1516 2704 1682 2743 Petrum
1711 2701 1779 2743 sub
1806 2701 1974 2743 Annulo
2005 2698 2222 2743 Piscator-is
2254 2697 2322 2739 die
2352 2711 2429 2738 xvi
2444 2710 2483 2755 ι.ὲ

1443 2759 1605 2815 Aprilis
1634 2774 1856 2803 mnchvi.
1896 2757 2163 2802 Pontificatus
2195 2757 2335 2801 Nostri
2357 2758 2483 2799 Anno

1445 2818 1626 2864 secundo
1643 2849 1655 2861 .

1908 2940 1972 2981 M.
1988 2938 2042 2978 A.
2057 2935 2267 2978 Maraldus
2281 2961 2296 2974 .

1498 3058 1557 3101 Ex
1581 3054 1753 3097 Archivo
1779 3059 1922 3098 Secret.
1951 3054 2136 3095 Brevium
2162 3051 2471 3111 Apostolicorum

1552 3113 1671 3171 menſs
1695 3112 1744 3160 ὅ
1771 3128 1871 3158 anno
1892 3112 2121 3169 prediffls.

2274 3873 2387 3916 Em-
