2618 4108
317 309 538 353 tumultum
552 304 827 354 renovarunt,
855 302 1059 358 dictosque
1075 304 1240 347 Fratres
1257 334 1272 355 ‚
1290 317 1340 346 ne

318 366 575 408 discederent
603 393 618 415 ,
651 363 813 406 attente
844 361 1123 404 custodierunt
1150 390 1165 414 ,
1205 364 1339 406 donec

323 438 453 479 nuper
483 423 654 466 attentis
682 423 845 465 illorum
861 421 1110 476 lachrymis,
1138 419 1347 477 precibus·

320 497 398 538 que
416 510 430 532 ‚
457 484 494 522 &
511 485 587 523 tuis
610 481 948 525 sollicitudinibus
963 508 978 533 ,
1004 481 1251 524 Universitas
1268 509 1283 530 ,
1307 480 1348 521 &

323 541 518 583 Homines
536 541 681 584 Maleti
708 539 882 595 pnaediffl
909 539 1012 594 aegre
1039 538 1120 581 sese
1154 537 1348 582 submise-

322 611 450 650 runt,
477 601 619 654 quibus
647 598 803 642 necefle
829 596 906 641 suit
935 598 1166 641 concedere
1185 627 1199 651 ,
1225 607 1346 653 prout

323 661 390 718 Tu
413 658 631 701 arbitratus
650 658 752 701 suisti
776 671 852 713 pro
875 656 1114 700 avertendis
1140 656 1344 700 ulteriori·

326 718 401 759 bus
423 718 827 772 perturbationibus,
853 730 901 758 ac
929 717 1036 759 bono
1060 717 1198 771 pacis,
1223 725 1270 758 ut
1289 716 1348 757 in-

323 789 437 819 terea
458 776 523 831 ipfi
543 780 708 820 Fratres
724 774 951 818 Reformati
972 776 1023 817 ab
1043 773 1279 817 accedendo
1295 773 1344 816 ad

320 836 469 877 dietam
490 835 648 879 Vallem
672 836 710 878 se
728 835 974 877 abstinerent
993 863 1004 875 .
1038 835 1096 875 At
1122 830 1345 890 praemissa-2

324 894 489 937 minime
514 896 803 943 satisfuerunt‚
830 902 873 935 ut
901 891 1149 937 Universitas
1164 921 1179 945 ,
1202 893 1344 934 &Ho-

322 953 449 996 mines
468 954 595 997 Vallis
619 953 794 996 Condini
818 953 868 994 ab
893 964 1037 994 eorum
1062 950 1262 994 sententia
1281 949 1344 992 di-

322 1022 536 1055 moverent
562 1041 577 1064 ,
615 1011 694 1054 imo
720 1010 928 1066 protestati
954 1009 1116 1052 fuer-unt
1139 1008 1262 1067 usque
1290 1007 1341 1051 ad

319 1070 551 1113 effufionem
578 1069 771 1125 sanguinis
801 1068 840 1112 se
868 1069 1030 1111 minime
1056 1069 1164 1113 velle
1184 1097 1199 1120 ,
1231 1067 1340 1124 quod

323 1133 489 1172 Fratres
515 1129 716 1186 Capucini
746 1127 919 1184 praedisti
943 1124 1233 1170 disceffurifint
1250 1156 1261 1167 .
1294 1129 1341 1168 In

322 1190 399 1230 hoc
432 1199 569 1231 autem
597 1202 731 1230 return
758 1188 853 1229 slatu
883 1189 1144 1242 Exponentes
1167 1184 1341 1242 praediffl

320 1247 372 1289 ad
406 1247 579 1290 sedanda
604 1275 618 1298 ,
649 1245 1010 1301 componendaque
1039 1246 1223 1296 diffidia,
1248 1257 1339 1286 con-

322 1306 527 1348 tentiones
541 1332 556 1355 ,
588 1304 842 1360 partiumque
860 1303 984 1345 studia
1000 1329 1015 1350 a
1040 1317 1086 1345 ac
1110 1301 1340 1346 dirimenda.

322 1361 509 1406 scandala
523 1392 538 1414 ,
564 1377 648 1418 quae
662 1375 712 1404 ex
728 1360 923 1417 praemiffis
943 1371 1033 1403 orta
1055 1362 1314 1417 reperiuntur
1327 1390 1342 1414 ‚

318 1425 356 1463 &
371 1451 384 1472 ,
398 1421 584 1463 utoninia
596 1422 848 1472 interViros,
862 1419 1080 1476 praesertim
1099 1418 1341 1475 Religiosos‚

319 1482 361 1523 in
386 1494 485 1535 pace
502 1478 625 1528 fiant,
652 1482 692 1522 &
718 1481 851 1521 omnia
868 1480 916 1522 ad
939 1480 1130 1522 Divinum
1154 1480 1338 1524 cultum.ae

322 1538 552 1594 augendum
570 1567 585 1590 ,
615 1541 654 1580 &
679 1539 902 1580 animarum
927 1538 1096 1582 salutem
1123 1533 1341 1595 prokuran-

317 1598 410 1640 dam
438 1606 732 1651 componantur
750 1625 763 1647 ,
788 1597 1225 1654 constabilianturque,
1253 1600 1343 1639 No-

320 1658 379 1698 bis
405 1654 610 1699 humiliter
636 1654 848 1711 supplicari
872 1655 1085 1708 fecerunt,
1116 1666 1160 1698 ut
1188 1656 1341 1698 litem

321 1712 549 1768 hujusmodi
580 1714 822 1769 extinguere
844 1742 858 1764 ,
897 1715 1161 1770 extinetaeque
1190 1729 1339 1770 perpe-

324 1785 441 1815 tuum
460 1771 657 1814 silentium
682 1773 893 1828 imponere
908 1801 922 1822 ,
948 1773 1122 1830 atquein
1143 1773 1339 1830 praemissis

323 1833 390 1874 fibi
401 1830 622 1887 providere
635 1858 648 1881 ,
664 1832 701 1872 &
714 1859 727 1882 ,
739 1841 782 1874 ut
800 1832 917 1881 infra,
932 1832 1148 1887 indulgere
1163 1833 1215 1875 de
1228 1833 1339 1876 beni·

324 1892 480 1947 gnitate
495 1888 724 1945 Apostolica
751 1890 1035 1943 dignaremur.

391 1952 477 1990 Nos
517 1949 643 2003 igitur
673 1947 888 2003 specialem
921 1949 1006 2004 ipfis
1037 1949 1337 2006 Exponentibus

320 2008 488 2064 gratiam
507 2005 641 2048 facere
659 2007 842 2047 volentes
857 2035 872 2056 ,
898 2009 938 2048 δι
958 2022 1096 2050 eorum
1113 2010 1334 2064 fingulares

317 2067 508 2121 personas
524 2066 545 2106 a
561 2064 758 2119 quibusvis
776 2067 1204 2109 excommunicationis
1219 2096 1234 2117 ,
1258 2066 1333 2110 sus-

316 2122 512 2181 penfionis
535 2150 550 2173 ,
575 2123 615 2162 &
637 2121 839 2164 interdicti
857 2150 870 2172 ,
898 2124 1060 2180 aliisque
1087 2126 1337 2169 Ecclefiasti-

317 2182 374 2225 cis
388 2179 596 2222 sententiis
611 2207 624 2230 ‚
649 2178 826 2222 censuris
841 2208 854 2230 ,
878 2183 915 2222 &
931 2183 1061 2237 poenis
1084 2183 1104 2223 a
1128 2183 1215 2235 jure
1231 2212 1246 2235 ,
1267 2184 1336 2227 vel

317 2242 367 2284 ab
387 2239 550 2281 homine
568 2239 705 2294 quavis
719 2238 927 2283 occasione
952 2241 1015 2284 vel
1038 2243 1149 2282 causa
1165 2242 1257 2283 latis
1271 2270 1285 2293 ,
1312 2241 1337 2283 fi

320 2298 464 2356 quibus
497 2296 804 2352 quomodolibet
833 2298 1032 2342 innodatae
1057 2300 1257 2353 existunt,
1286 2300 1337 2342 ad

315 2356 503 2400 effectum
515 2356 763 2411 presentium
776 2357 984 2400 dumtaxat
996 2359 1338 2414 consequendum,

319 2418 458 2458 harum
481 2414 584 2456 serie
613 2412 897 2467 absolventes,
924 2419 963 2458 δι
991 2415 1189 2460 absolutas
1210 2418 1336 2463 fore)

321 2472 536 2517 censentes
553 2501 566 2524 ,
581 2471 809 2528 hujusmodi
828 2474 1185 2530 supplicationibus
1217 2477 1336 2519 incli-

317 2533 429 2583 nati,
455 2531 603 2574 &lites
620 2531 786 2587 publicae
813 2534 1127 2589 tranquillitati,
1151 2550 1194 2579 ac
1210 2537 1337 2578 Chri-

316 2590 544 2633 stifidelium
577 2590 756 2646 pietati,
787 2594 825 2633 &
859 2592 1067 2648 Religioni
1088 2595 1335 2649 plurimum,

318 2648 628 2692 detrimentosas
645 2677 659 2700 ,
680 2656 802 2705 atque
817 2651 920 2693 adeo
945 2652 1191 2696 dirimendas
1205 2651 1336 2698 effe)

315 2707 639 2758 considerantes,
653 2721 698 2749 ac
713 2709 916 2758 omnium,
932 2712 971 2752 &
988 2711 1223 2766 singularum
1241 2713 1333 2754 scri·

311 2776 516 2822 pturarum
533 2765 624 2808 hinc
642 2766 751 2818 inde,
772 2778 816 2810 ut
831 2769 1334 2824 praemittitur2editarutn,

314 2825 670 2880 exhibiturumque
688 2853 701 2876 ,
719 2840 764 2868 ac
782 2841 1110 2883 quorumcunque
1128 2833 1334 2873 Decreto-

315 2898 405 2926 rum
439 2893 603 2925 tenores
623 2909 637 2930 a
667 2885 707 2925 δι
733 2885 842 2937 litis,
873 2900 920 2930 ac
945 2886 1070 2929 causae
1108 2882 1331 2945 hujusmodi

312 2943 454 2985 statum
468 2971 483 2992 ‚
510 2943 550 2982 δε
565 2941 706 2984 merita
719 2969 733 2990 a
765 2945 804 2985 86
825 2942 899 2988 alia
925 2960 1169 3002 quaecunque
1183 2974 1198 2996 ‚
1213 2950 1333 2990 etiam

315 2999 541 3056 specificam
556 3029 571 3053 ,
593 3002 628 3042 8(
645 3000 894 3045 individuam
909 3006 1158 3049 mentionem
1172 3037 1188 3058 ,
1207 3008 1248 3048 δε
1262 3022 1333 3049 ex-

313 3059 551 3114 preffionem
576 3059 1095 3117 requirentia,prael‘entibus
1114 3079 1188 3120 pro
1210 3066 1332 3121 plene

312 3120 349 3158 &
376 3113 620 3160 sufficienter
647 3119 834 3174 expressis
849 3147 862 3168 a
886 3123 923 3163 &
937 3121 1093 3164 insertis
1110 3125 1304 3167 habentes
1318 3154 1332 3177 ,

316 3185 426 3216 motu
457 3177 649 3231 proprio,
683 3191 729 3219 ac
751 3193 799 3221 ex
824 3191 938 3222 certa
964 3179 1126 3224 scientia
1144 3209 1158 3232 ‚
1189 3184 1227 3224 &
1248 3198 1332 3226 ma·

313 3242 403 3274 tura
421 3232 720 3278 deliberatione
744 3237 922 3289 Nostris,
946 3238 1081 3296 deque
1099 3241 1332 3296 Apostolicae

317 3291 520 3355 potestatis
544 3293 797 3349 plenitudine
811 3325 825 3348 ‚
851 3295 966 3339 litem
981 3327 995 3349 ,
1020 3300 1057 3340 δι
1074 3299 1243 3343 Causam
1262 3302 1333 3343 hu-

313 3348 483 3414 jusmodi
510 3351 613 3394 inter
629 3355 795 3396 Fratres
813 3353 1071 3400 Reformatos
1085 3386 1098 3408 ,
1113 3359 1152 3399 &
1167 3362 1331 3402 fratres

316 3408 547 3471 Capucinos
560 3410 762 3463 praedidtos
778 3412 893 3469 super
904 3413 1332 3460 fundationeConven·

316 3473 430 3505 tuum
456 3477 495 3503 in
512 3467 695 3511 Vallibus
722 3468 954 3524 supradietis
982 3486 1131 3516 motam
1152 3504 1166 3525 ,
1197 3478 1235 3517 ἃ
1257 3476 1330 3519 in..‚

315 3525 649 3590 congregatione
674 3529 832 3580 praefata
849 3534 1093 3585 pendentem
1110 3533 1146 3574 in
1162 3534 1332 3586 statu,&

314 3590 522 3630 terminis,
548 3596 587 3623 m
612 3586 755 3637 quibus
783 3587 835 3630 de
854 3591 1030 3644 praetenti
1045 3594 1330 3648 reperiuntur,

313 3637 363 3680 ad
382 3642 466 3703 Nos
495 3639 633 3681 harum
657 3643 759 3685 serie
784 3660 875 3687 cum
904 3649 976 3689 suis
998 3652 1330 3706 emergentibus,

313 3698 575 3762 annexis,.&
606 3703 796 3743 connexis
824 3707 847 3748 a
875 3719 1129 3763 quocumque
1154 3711 1326 3764 Judice,

313 3755 555 3806 Tribunah,
585 3758 621 3798 δι
651 3761 984 3817 Congregatione
998 3780 1209 3815 avocamus
1229 3797 1244 3822 ,
1275 3769 1327 3811 il·

1120 184 1590 300 ⁴Custodia

1398 296 1562 359 lamque
1579 300 1630 344 fic
1646 305 1855 345 avocatam
1870 330 1886 352 ,
1903 309 2016 344 motu
2029 327 2043 353 ‚
2058 299 2235 346 scientia
2252 330 2267 354 ,
2294 302 2334 342 &
2351 298 2422 343 de-

1399 362 1644 405 liberatione
1660 388 1675 412 ,
1697 363 1737 403 &
1755 361 1964 415 potestatis
1992 359 2246 416 plenitudine
2262 361 2421 416 paribus

1397 422 1607 476 vperpetuo
1627 420 1904 474 supprimimus
1920 448 1936 470 ,
1952 420 1992 461 δι
2007 419 2274 474 extinguimus
2290 447 2306 471 ,
2326 433 2421 474 per-

1403 489 1657 535 petuumque
1689 478 1891 521 silentium
1923 479 2089 534 utrique
2120 478 2223 533 parti
2255 477 2426 532 imponi-

1406 551 1497 580 mus
1512 567 1523 578 .
1551 540 1643 580 Nec
1663 549 1741 579 non
1759 538 2026 580 Fraternitati
2045 538 2142 580 Tuae
2166 549 2241 591 per
2256 534 2426 591 praesen.

1406 607 1469 638 tes
1497 595 1785 639 committimus
1802 625 1815 648 ,
1840 598 1880 638 &
1901 597 2132 638 mandamus
2148 622 2162 646 ,
2191 609 2240 637 ac
2254 607 2393 637 omnes
2409 624 2425 647 ,

1409 657 1449 696 δι
1465 654 1636 710 fingulas
1658 655 1871 698 facultates
1895 653 2124 698 necessarias
2141 679 2154 702 a
2177 655 2213 695 δι
2229 662 2427 709 opportu-

1406 726 1480 757 nas
1494 712 1757 756 concedimus
1772 743 1787 764 ,
1815 713 2127 769 &impertimur
2142 738 2156 761 ³
2185 724 2230 754 ut
2257 725 2330 764 pro
2348 710 2426 755 tuis

1407 771 1605 822 arbitrio,
1635 773 1673 813 &
1702 771 1944 815 conscientia
1959 773 2185 827 procedas,
2218 773 2254 812 &
2281 779 2426 826 quate-

1405 845 1483 874 nus
1506 830 1633 886 major
1659 831 1739 872 Dei
1763 830 1898 873 cultus
1913 859 1927 882 ,
1956 833 1995 872 δι
2018 830 2245 887 Religionis
2268 828 2426 872 Catho-

1403 889 1487 933 licae
1505 891 1610 931 ratio
1624 890 1677 931 ita
1692 890 1784 931 Tibi
1798 891 1967 945 exigere
1982 890 2168 932 videatur
2182 915 2197 939 ,
2218 888 2267 930 ad
2283 886 2424 929 sunda-

1404 949 1556 991 tionem
1571 948 1746 991 duorum
1761 951 2051 991 Conventuum
2069 947 2294 991 inVallibus
2308 949 2423 989 Con-

1401 1007 1516 1056 dini,
1540 1006 1738 1050 &Maleti
1763 1003 2064 1063 supradietis,ad
2089 1005 2270 1049 favorem
2294 1004 2425 1047 dieto-

1401 1081 1487 1109 rum
1515 1069 1700 1108 Fratrum
1729 1066 2059 1121 Capucinorum,
2085 1064 2258 1107 constito
2281 1073 2421 1106 tamen

1399 1126 1508 1180 prius
1533 1125 1625 1167 Tibi
1651 1125 1705 1166 de
1727 1123 1910 1168 distantia
1936 1126 1986 1167 ab
2014 1125 2103 1167 aliis
2131 1121 2419 1166 conventibus

1400 1182 1683 1241 praecedenter
1710 1182 1913 1235 fundatis,
1943 1186 1983 1226 &
2008 1182 2224 1241 praesertim
2251 1181 2302 1224 ab
2332 1179 2422 1223 aliis

1401 1246 1587 1287 Fratrum
1614 1239 1946 1287 Reformatorum
1977 1257 2049 1298 per
2075 1254 2250 1299 quatuor
2276 1239 2419 1282 saltem

1403 1301 1528 1346 millia
1552 1299 1726 1357 passuum
1751 1301 1860 1357 juxta
1876 1302 2198 1345 Constitutiones
2217 1297 2421 1355 Apostoli-

1402 1374 1467 1404 cas
1491 1358 1560 1401 fel.
1578 1373 1659 1402 rec·
1671 1361 1863 1417 Gregorii
1879 1362 1959 1402 ΡΡ.
1975 1363 2068 1403 XV.
2082 1391 2098 1411 ,
2128 1360 2422 1414 aliorumque„-

1403 1421 1680 1464 Romanorum
1705 1417 1948 1462 Pontificum
1970 1416 2310 1464 Praedecefforum
2334 1418 2424 1458 No-

1402 1479 1575 1521 strorum
1588 1507 1604 1528 ‚
1634 1480 1671 1519 &
1686 1478 1909 1520 dummodo
1923 1479 2046 1522 etiam
2061 1487 2219 1521 coetera
2245 1488 2423 1518 concur·

1402 1547 1491 1580 rant
1509 1545 1589 1579 tam
1609 1536 1663 1579 de
1685 1536 1774 1593 jure
1791 1565 1806 1589 ,
1836 1539 1955 1593 quam
1986 1535 2097 1594 juxta
2128 1534 2288 1579 easdem
2310 1535 2424 1588 Apo-

1400 1595 1552 1639 stolicas
1596 1595 1918 1637 Constitutiones
1962 1596 2000 1638 in
2043 1593 2237 1652 ejusmodi
2278 1590 2422 1634 funda-

1401 1654 1579 1698 tionibus
1608 1651 1818 1697 necessaria
1834 1683 1848 1706 ,
1865 1654 2059 1710 procedas
2082 1682 2096 1704 ,
2127 1655 2165 1695 &
2197 1651 2390 1693 devenias
2406 1678 2420 1691 .

1401 1717 1680 1761 Decet-nentes
1707 1712 1866 1755 easdem
1895 1713 2106 1767 praesentes
2134 1713 2291 1754 litteras
2316 1710 2355 1751 δι
2379 1709 2420 1750 in

1397 1774 1457 1815 eis
1474 1783 1666 1815 contenta
1681 1786 1969 1830 quaecumque,
1993 1772 2117 1814 etiam
2145 1784 2196 1812 ex
2221 1782 2273 1811 eo
2282 1766 2419 1823 ,quod

1400 1834 1566 1876 Fratres
1581 1830 1813 1874 Reformati
1840 1832 2042 1887 praedicti,
2073 1832 2113 1871 δι
2141 1829 2207 1870 alii
2237 1828 2420 1884 quicum·-

1398 1905 1478 1947 que
1504 1889 1674 1946 cujusvis
1692 1889 1837 1942 status,
1871 1889 2017 1945 gradfis
2034 1918 2046 1940 ‚
2073 1887 2270 1938 Ordinis,
2302 1888 2424 1929 Con-

1396 1949 1882 2006 ditionis,praeeminen¹iae
1900 1948 1965 1990 vel
1978 1947 2191 2002 dignitatis
2208 1975 2221 1996 ‚
2238 1950 2304 1988 seu
2322 1944 2421 1987 alias

1395 2006 1577 2061 specifica
1594 2035 1608 2058 ,
1638 2007 1894 2049 &individua
1918 2007 2129 2049 mentione
2145 2034 2158 2056 ,
2185 2006 2224 2046 &
2253 2001 2418 2054 expres*

1395 2065 1501 2107 fione
1513 2064 1638 2119 digni,
1653 2066 1692 2107 in
1708 2064 1907 2121 praemiffis
1924 2064 2230 2119 quomodolibet
2249 2061 2307 2117 jus
2323 2089 2337 2112 ,
2352 2058 2418 2103 vel

1395 2122 1584 2166 intereffe
1599 2125 1793 2166 habentes
1807 2152 1821 2175 ,
1844 2122 1912 2165 seu
1929 2124 2077 2166 habere
2094 2121 2389 2178 praetendentes
2401 2147 2416 2171 ‚

1397 2182 1538 2225 iisdem
1558 2182 1750 2236 praemiffis
1768 2196 1844 2223 non
1873 2180 2146 2224 consenserint
2162 2209 2176 2232 ,
2203 2194 2277 2222 nec
2302 2178 2351 2222 ad
2366 2191 2414 2221 ea

1398 2242 1531 2283 vocati
1554 2270 1569 2291 ,
1603 2241 1752 2292 citati,
1779 2240 1950 2282 intimati
1967 2268 1982 2291 ,
2004 2241 2043 2282 δι
2071 2239 2197 2281 auditi
2229 2237 2414 2289 fuerint,

1397 2302 1554 2342 tametsi
1593 2302 1749 2342 suorum
1776 2299 2030 2342 indultorum
2049 2328 2063 2352 ,
2093 2299 2157 2341 vel
2182 2297 2419 2354 privilegio-

1399 2372 1488 2401 rum
1521 2360 1663 2412 vigore
1697 2358 1925 2402 consentire
1946 2387 1959 2410 ‚
1983 2358 2051 2400 seu
2074 2358 2243 2409 vocari,
2267 2355 2414 2405 citari,

1398 2418 1605 2470 intimari,
1629 2420 1669 2461 &
1681 2417 1806 2461 audiri
1821 2417 1968 2467 semel,
1985 2417 2050 2459 vel
2065 2417 2215 2473 pluries
2229 2428 2416 2471 quoquo-

1397 2476 1522 2518 modo
1547 2476 1770 2521 debuissent
1786 2505 1801 2528 ,
1831 2487 1900 2519 aut
1923 2490 1974 2518 ex
2001 2476 2076 2519 alia
2104 2486 2413 2530 quacumque-³

1396 2535 1592 2592 juridica,
1607 2535 1857 2592 privilegiata
1871 2566 1887 2587 ‚
1903 2538 1939 2577 δι
1956 2534 2208 2592 rationabili,
2229 2549 2272 2577 ac
2289 2532 2415 2575 etiam

1395 2594 1467 2636 tali
1484 2623 1498 2646 ,
1515 2609 1602 2650 quae
1616 2594 1665 2638 ad
1681 2593 1863 2636 effectum
1889 2594 2108 2637 validitatis
2133 2590 2413 2651 praemifforum

1396 2651 1615 2697 necessario
1647 2651 1907 2709 exprimenda
1933 2650 2039 2695 foret
2062 2683 2076 2706 ‚
2115 2651 2228 2695 causa
2249 2680 2264 2703 ,
2289 2663 2412 2694 occa-

1394 2712 1502 2755 sione
1517 2741 1531 2764 ,
1561 2713 1700 2755 colore
1716 2741 1730 2764 ,
1754 2722 1951 2768 praetextu
1967 2741 1981 2764 ‚
2004 2710 2152 2763 titulo,
2174 2712 2299 2753 etiam
2312 2722 2412 2751 one-

1393 2769 1483 2814 roso
1498 2799 1512 2823 ,
1535 2772 1573 2812 &
1587 2773 1719 2828 capite
1737 2773 1860 2814 etiam
1887 2772 1925 2813 in
1951 2785 2121 2827 corpore
2132 2771 2240 2827 Jutis
2254 2766 2412 2817 clauso,

1393 2831 1519 2873 etiam
1533 2831 1703 2873 enormis
1718 2861 1734 2883 ,
1760 2830 2032 2873 enormiffimae
2045 2861 2060 2882 ,
2084 2832 2123 2871 &
2141 2828 2274 2871 totalis
2289 2827 2414 2869 laefio-

1395 2889 1482 2941 nis,
1510 2889 1623 2932 nullo
1643 2902 1818 2945 unquam
1842 2901 2030 2945 tempore
2049 2889 2101 2931 de
2119 2885 2410 2942 subreptionis,

1396 2946 1758 3004 velobreptionis,
1789 2959 1858 2991 aut
1888 2949 2089 2991 nullitatis
2118 2948 2246 2995 vitio,
2275 2943 2340 2987 seu
2369 2943 2411 2984 in

1395 3007 1588 3050 tentionis
1617 3006 1879 3059 Nostrae,ve1
1915 3004 2104 3049 interesse
2143 3004 2407 3053 habentium,

1394 3065 1760 3117 consensu,aliove
1786 3066 1970 3120 quolibet
1997 3065 2170 3106 maximo
2189 3089 2203 3110 ,
2241 3061 2412 3104 substan-

1394 3125 1482 3167 tiali
1500 3154 1514 3175 ,
1540 3122 1765 3176 essentiali,
1791 3122 2071 3175 formali,'aut
2089 3121 2315 3177 incogitato
2335 3119 2412 3161 de-

1393 3182 1499 3226 festu
1526 3183 1686 3234 notari,
1709 3183 1963 3238 impugnari,
1989 3181 2184 3237 infringi,
2208 3178 2408 3223 invalida-

1393 3242 1454 3294 ri,
1482 3243 1684 3284 retractari
1709 3271 1724 3292 ,
1751 3239 1954 3291 rescindi,
1989 3241 2027 3282 in
2056 3240 2407 3284 controversiam

1394 3300 1611 3351 revocari,
1642 3300 1691 3344 ad
1719 3298 1911 3343 terminos
1933 3300 2040 3356 Juris
2054 3300 2223 3349 reduci,
2253 3300 2318 3340 seu
2335 3295 2410 3338 ad-

1395 3357 1530 3402 versus
1549 3358 1635 3401 illas
1659 3359 1901 3414 aperitionis
1916 3359 2014 3404 Oris
2030 3387 2043 3410 ,
2069 3356 2333 3402 restitutionis
2364 3355 2402 3395 in

1395 3419 1595 3471 integrum
1611 3447 1624 3469 ,
1646 3417 1809 3461 aliudve
1834 3418 2118 3474 quodcumque
2150 3416 2245 3473 juris
2267 3443 2282 3464 ,
2314 3410 2406 3453 faeti

1393 3476 1458 3517 vel
1475 3477 1639 3531 gratier,
1665 3477 2102 3519 remediumintentari
2133 3474 2408 3528 velimpetra-

1391 3535 1424 3578 ri
1452 3563 1465 3585 ‚
1504 3533 1568 3576 seu
1596 3535 1716 3578 etiam
1745 3544 1884 3583 motu,
1910 3533 2074 3577 scientia
2096 3562 2111 3585 ,
2136 3535 2176 3574 δι
2202 3529 2408 3586 potestatis

1391 3593 1646 3648 plenitudine
1660 3594 1820 3648 paribus
1838 3591 2268 3648 concels0,quempiam
2286 3590 2324 3631 in
2341 3589 2405 3645 ju-

1391 3651 1526 3701 dicio,
1556 3652 1620 3693 vel
1645 3662 1758 3693 extra
1782 3649 1882 3692 illud
1900 3652 1991 3700 uti,
2023 3651 2087 3692 seu
2116 3648 2196 3690 sese
2221 3649 2406 3705 Juvat&

1389 3711 1618 3753 nullatenus
1647 3707 1781 3765 posse3
1815 3708 1880 3749 sed
1909 3706 2069 3751 easdem
2096 3706 2310 3764 praesentes
2338 3707 2406 3749 lit·

1388 3778 1498 3812 teras
1512 3795 1526 3819 ,
1555 3769 1594 3808 &
1610 3768 1648 3811 in
1672 3767 1730 3810 eis
1750 3777 1938 3813 contenta
1954 3781 2208 3823 quaecumque
2222 3796 2235 3816 ,
2252 3766 2408 3821 semper

2211 3827 2250 3866 &
2264 3839 2355 3881 per-
