2618 4108
281 321 445 368 licitare
462 236 756 379 qfl'mprimum
770 317 951 364 soletur:
977 319 1129 365 deinde
1146 322 1319 373 Aposto-

282 382 379 425 licis
397 385 544 427 Literis
567 384 645 422 tu‘ae
662 379 853 421 Nationis
871 380 1076 435 Principes
1094 384 1318 424 vehemen-

286 450 354 487 ter
368 439 575 482 cohortati
590 437 721 480 sumus
736 467 752 489 ,
765 448 890 493 atque
911 440 965 481 eo
977 438 1144 481 tandem
1159 440 1325 495 ablega-

283 501 420 542 vimus
435 499 628 541 dilectum
646 497 811 548 Filium,
827 499 891 540 Fr.
907 497 1182 553 Hyacinthum
1198 498 1324 542 Casa-

285 556 749 612 lensem,Capucinum,
766 556 915 599 Virum
930 557 1147 600 Germanis
1168 561 1327 600 Proce-

286 617 400 662 ribus
431 616 635 672 plerisque
664 628 744 660 non
760 615 882 658 modo
912 625 1086 668 notum,
1115 615 1183 659 sed
1201 617 1326 659 etiam

288 686 455 732 gratum
471 703 485 726 ,
506 685 569 726 ut,
591 688 668 731 qua
685 673 803 718 sacrae
830 675 1074 731 eloquentiae
1102 676 1141 718 vi
1166 675 1323 731 pollet,

298 748 347 777 ea
376 744 518 779 utatur
540 732 766 777 adtantum
781 737 991 790 negotium
1006 734 1323 786 conficiendum,

290 792 532 847 Apostolico
549 791 728 847 praefidio
742 790 1015 836 communitus
1028 822 1040 834 .
1055 793 1128 849 tpfi
1147 793 1248 835 vero
1263 794 1323 835 in-

285 852 427 908 primis
455 851 763 903 mandavimus,
790 863 835 894 ut
866 854 929 894 ’I'e
953 852 1075 894 adeat
1093 880 1108 904 ,
1136 866 1183 895 ac
1213 862 1324 896 tuam

294 910 564 965 prudentiam
590 907 772 972 consulat
798 939 813 963 ‚
843 924 966 966 quam
989 909 1080 952 satis
1107 909 1321 955 declarant

286 969 492 1026 postremae
514 970 639 1012 literae
652 975 744 1021 tuae,
759 969 901 1025 quibus
920 973 1004 1013 Nos
1020 969 1074 1012 de
1090 970 1321 1012 Haeretico-

287 1043 380 1072 rum
396 1029 612 1071 conatibus
629 1027 822 1070 admones
836 1057 847 1069 .
882 1031 1010 1071 Grata
1032 1027 1198 1071 fuerunt
1213 1057 1226 1081 ,
1239 1042 1323 1082 quae

284 1087 479 1131 nunciasti
493 1116 508 1139 ,
539 1097 675 1130 tamen
692 1088 848 1143 gratius
865 1089 943 1130 erit
962 1089 1024 1129 Te
1048 1089 1189 1130 coram
1209 1102 1325 1130 com-

287 1147 414 1204 plesti
432 1174 447 1197 ,
479 1147 544 1190 cui
572 1145 802 1202 Apostolica
829 1147 1089 1189 Auctoritate
1108 1160 1326 1203 peraman-

287 1217 354 1248 ter
383 1206 684 1248 benedicimus.

353 1266 507 1306 Datum
538 1265 677 1306 Romae
701 1262 807 1319 apud
851 1267 892 1308 S.
922 1265 1093 1307 Mariam
1122 1262 1328 1321 Maiorem

285 1321 356 1365 die
389 1336 486 1365 xit.
507 1323 673 1377 Augusti
701 1336 880 1369 mocxxi.
903 1321 1172 1368 Pontificatus
1204 1322 1325 1367 nostri

287 1383 412 1427 Anno
438 1382 595 1440 primo·
1082 1401 1084 1404 v

349 1502 410 1543 Ex
427 1498 550 1544 Are-h.
556 1500 685 1556 pred.
702 1503 797 1557 Reg.
812 1500 931 1560 meffl
938 1500 1121 1560 Augusti.

695 1655 697 1657 ,
762 1640 1027 1659 *na-u·-

545 1736 726 1798 Eodem
761 1753 1035 1809 argumento
1049 1773 1063 1789 .

282 1870 319 1914 A
335 1874 470 1926 tergo:
487 1865 642 1909 Dileelo
657 1866 920 1916 Filio,Nob1'l1
942 1868 1327 1920 Vir0,Max1‘me·tiano

519 1924 664 1970 Comin·
679 1926 725 1966 de
742 1927 1094 1986 Trautmamdorffi

285 2046 874 2100 GREGORIUS
928 2049 1139 2097 PAPA
1191 2048 1318 2097 XV.

283 2162 447 2220 DileHe
462 2161 546 2207 Fili
558 2191 574 2213 ,
601 2160 752 2205 NobiIis
789 2163 853 2205 Vir
868 2191 881 2212 ‚
894 2162 1073 2219 salutem
1090 2165 1146 2217 (θ’
1160 2163 1322 2223 Aposto-

563 2221 678 2263 licam
701 2222 1035 2266 Benedaeh'lsonem.

398 2326 546 2372 AEsaris
576 2329 788 2385 prudentia
819 2330 1038 2382 laudatur,
1063 2331 1206 2374 virtuti
1243 2339 1320 2374 tuae

418 2388 640 2443 plurimum
669 2390 886 2433 tribuentis
910 2403 923 2431 :
958 2390 1185 2433 existimant
1211 2391 1320 2434 enim

272 2462 419 2491 omues
452 2450 510 2490 Te
528 2448 571 2489 iis
591 2448 877 2493 tantummodo
902 2449 1073 2492 consiliis
1101 2451 1325 2492 auctorita-

271 2517 358 2551 tem
373 2507 466 2549 Tibi
481 2508 878 2564 comparare‚quibus
898 2509 1066 2552 Romani
1081 2509 1247 2564 Imperii
1262 2510 1324 2552 in·

271 2568 558 2610 columitatem
584 2571 761 2617 tuearis,
791 2569 829 2608 &
851 2568 1074 2611 Catholicae
1092 2568 1320 2624 Religionis

272 2626 475 2668 ditionem
492 2637 704 2681 propa-ges.
728 2629 814 2668 Nos
831 2637 966 2669 autem
983 2627 1206 2670 Nobilitati
1225 2630 1320 2670 Tuae

275 2683 503 2727 Caesaream
520 2685 855 2727 benevolentiam
875 2685 1150 2741 gratulanteS,
1167 2689 1227 2728 Te
1244 2701 1318 2741 pro

272 2743 406 2787 nostra
427 2752 600 2797 paterna
614 2744 814 2787 charitate
831 2746 1041 2788 hortamur
1055 2773 1070 2797 ,
1091 2755 1134 2787 ut
1150 2745 1313 2801 pietatis

272 2801 407 2845 fludio
419 2831 433 2852 ‚
459 2803 499 2843 δι
513 2804 705 2844 bonarum
720 2806 866 2846 artium
883 2803 1068 2847 laudibus
1084 2833 1098 2855 ,
1127 2806 1310 2860 praesenti

270 2860 460 2904 felicitati
485 2869 561 2903 tuae
571 2861 791 2917 adjungere
805 2866 965 2906 coneris
980 2863 1309 2907 diuturnitatem.

273 2923 379 2964 Sane
393 2919 679 2962 tumultuantis
695 2922 924 2964 Germaniae
937 2953 953 2974 ,
977 2923 1017 2963 δε
1031 2923 1180 2965 afflictae
1192 2923 1266 2966 Rel
1277 2926 1307 2967 i·

271 2980 403 3036 gionis
417 2978 611 3035 pericula,
627 2977 714 3021 satis
731 2980 897 3024 uberem
916 2981 1006 3024 Tibi
1024 2982 1310 3027 deChristiana

272 3039 504 3094 Republica
529 3039 819 3082 benemerendi
847 3041 1056 3083 materiam
1084 3043 1309 3085 exhibent.

272 3100 360 3140 Nos
378 3098 474 3140 verb
492 3098 699 3153 pastoralis
715 3098 998 3142 sollicitudinis
1013 3101 1151 3144 oculos
1166 3103 1214 3143 ab
1230 3101 1308 3144 istis

272 3156 649 3212 perturbationibus
675 3171 752 3199 non
778 3157 1031 3202 deflectimus
1053 3190 1069 3211 ,
1100 3161 1306 3214 aegrotanti

274 3224 340 3256 tot
363 3216 664 3258 Provinciamm
684 3219 865 3271 Corpori
890 3218 1051 3261 mederi
1091 3221 1201 3262 omni
1227 3233 1306 3274 ope

273 3274 508 3326 cupientes.
546 3277 597 3317 Et
622 3291 714 3319 cum
732 3275 846 3331 plura
870 3272 1024 3333 semper
1039 3287 1102 3319 tot
1126 3278 1309 3321 vulneri-

274 3331 350 3372 bus
386 3332 566 3375 remedia
592 3334 819 3379 adhibenda
835 3336 1111 3379 curaverimus
1129 3366 1143 3389 ,
1175 3351 1306 3393 nuper

275 3389 373 3431 istuc
391 3389 663 3445 ablegavimus
677 3393 870 3436 dilestum
887 3395 1307 3452 Filium,Fr.Hyacin-

275 3448 904 3514 thuniCasalesemssapucinum
924 3454 1149 3510 gravissima
1171 3455 1305 3498 nostro

272 3511 452 3551 Nomine
480 3509 640 3559 negotia
654 3511 859 3555 obiturum
873 3539 888 3562 s
903 3515 1121 3556 Hominem
1143 3514 1308 3557 divitia-

271 3578 365 3609 rum
397 3576 724 3630 contemptorem
747 3599 763 3620 ,
793 3571 1038 3628 eloquentiae
1075 3574 1113 3615 vi
1146 3573 1309 3629 pollen·

274 3635 361 3668 tem
378 3652 394 3675 2
421 3637 489 3679 qu!
505 3623 571 3663 ¹1b¹
587 3625 795 3669 thesauros
820 3645 1072 3686 congerere,
1103 3647 1149 3675 ac
1163 3632 1308 3675 trium-

275 3686 378 3739 phos
392 3695 571 3739 quaerere
598 3683 831 3736 videbitur,
862 3690 957 3731 dum
971 3691 1122 3732 animas
1143 3692 1308 3734 Christo

275 3741 538 3791 lucrifaciet,
566 3742 606 3782 δι
635 3744 802 3795 publicae
828 3749 1132 3804 tranquillitatis
1165 3749 1308 3794 sunda-

273 3813 413 3852 menta
428 3798 704 3845 confirmabit.
721 3804 752 3845 E
757 3802 995 3865 jusoptimis
1010 3809 1179 3853 confiliis
1199 3810 1308 3868 cupi-

1161 199 1368 319 cast

1380 336 1464 363 rnus
1479 318 1751 365 Nobilitatem
1768 318 1900 361 Tuam
1914 316 2093 374 praefidio
2107 318 2240 365 adesse
2251 350 2265 374 ,
2295 325 2341 364 ut
2362 320 2423 364 sa-

1377 380 1495 423 cilius
1510 407 1525 431 ,
1562 380 1622 423 Te
1649 378 1890 433 suffragante
1904 405 1919 429 ,
1941 378 2145 433 publicam
2157 380 2311 424 causam
2325 394 2423 436 age-

1384 454 1429 484 re
1455 437 1567 495 possit
1582 467 1595 480 .
1622 441 1710 482 Nos
1724 437 1890 494 quidem
1919 439 2022 479 tanti
2049 436 2135 495 ejus
2162 440 2357 494 pietatem
2371 452 2422 482 ae

1384 498 1644 555 prudentiam
1672 498 1839 542 facimus
1854 525 1872 547 ,
1898 502 1943 536 ut
1970 508 2063 540 eum
2085 495 2423 554 ApostolicaAu—

1387 557 1581 600 ctoritate
1599 556 1713 612 loqui
1729 557 1804 599 hac
1820 556 1859 599 iu
1879 567 1924 596 re
1941 555 2112 598 velimus
2126 585 2140 608 ,
2156 570 2200 599 ac
2219 556 2391 600 eandem
2404 586 2420 611 ,

1389 630 1512 673 quam
1527 616 1657 660 Nobis
1671 616 1758 672 ipfis
1773 643 1794 667 ,q
1814 615 1854 657 ei
1867 612 1991 658 fidem
2007 615 2146 659 habeti
2161 614 2421 671 postulemus.

1384 677 1427 720 Si
1443 674 1494 718 ad
1509 687 1603 717 eum
1618 700 1632 724 ³
1646 674 1838 731 quicquid
1853 673 1977 716 habes
1995 675 2263 726 auctoritatis,
2278 685 2422 718 contu-

1386 734 1483 778 leris
1498 761 1512 786 ,
1525 734 1576 776 de
1594 735 1784 776 Romano
1798 733 2004 789 Imperio,
2019 736 2088 778 cui
2104 744 2261 778 tantum
2276 734 2423 786 debes,

1386 795 1489 836 bene
1503 794 1742 841 merebere,
1769 807 1815 836 ac
1832 792 2086 839 Pontificiam
2114 793 2208 836 Tibi
2232 793 2424 839 volunta-

1385 863 1470 895 tem
1490 852 1727 895 conciliabis
1745 881 1757 894 .

1442 912 1597 954 Datum
1621 913 1760 954 Romae
1788 913 1897 968 apud
1938 915 1979 956 S.
2011 912 2183 956 Mariam
2215 911 2421 968 Majorem

1384 969 1454 1011 sub
1470 969 1633 1013 Annulo
1648 970 1863 1012 Piscatoris
1875 971 1944 1013 die
1961 985 2001 1012 xi
2013 971 2223 1026 v.Augusti
2238 986 2423 1019 mocxxi.

1385 1026 1652 1073 Pontificatus
1666 1029 1790 1071 nostri
1805 1032 1928 1072 Anno
1943 1029 2091 1087 primo.

1446 1150 1508 1191 Ex
1536 1147 1657 1191 Arcb.
1675 1147 1723 1196 θ’
1738 1150 1833 1205 Reg.
1855 1148 1983 1204 praed.
2002 1146 2086 1207 fol.
2107 1161 2202 1203 ¹4²·

1655 1385 1834 1437 Eodem
1861 1401 2136 1457 argumento
2153 1424 2167 1437 .

1382 1505 1420 1547 A
1441 1510 1559 1560 tergo
1572 1533 1584 1547 .
1623 1505 1838 1548 Venerabili
1857 1506 2013 1557 Fratri,
2040 1507 2212 1563 Philippo
2239 1504 2418 1565 Chrsso·

1607 1563 1734 1618 phoro
1749 1592 1764 1617 ,
1789 1565 1970 1623 Episcopo
1982 1563 2159 1622 Spirensi
2171 1594 2184 1608 .

1337 1696 1343 1700 ’
1420 1684 1949 1739 GREGORIUS
2005 1686 2212 1735 PAPA
2263 1687 2380 1736 XV.

1427 1799 1660 1849 Venerabilis
1688 1804 1837 1845 Frater
1865 1803 2039 1846 Salutem
2067 1802 2116 1851 ζῇ·
2132 1801 2403 1861 Apostolicam·

1739 1861 2045 1904 Benedmioncm
2059 1890 2071 1902 .
2392 1902 2394 1904 .

1488 1977 1549 2022 ’rfi
1566 1986 1677 2022 tanta
1704 1979 1889 2024 locorum
1909 1979 2206 2036 longinquitate
2220 1978 2241 2020 τὶ
2259 1978 2419 2035 Regio-

1513 2038 1626 2079 nibus
1646 2040 1782 2081 vestris
1803 2037 2224 2094 disjungimur,animo
2243 2047 2415 2081 tamen.»

1382 2097 1422 2137 &
1435 2095 1711 2141 sollicitudine
1728 2098 1973 2153 perturbatae
1990 2098 2216 2144 Germaniae
2231 2124 2246 2148 ,
2275 2098 2316 2138 δι
2342 2111 2417 2153 pe-

1381 2155 1600 2198 riclitantis
1639 2157 1866 2211 Religionis
1900 2157 2199 2199 calamitatibus
2241 2155 2415 2199 intersu-

1381 2228 1497 2257 mus:
1514 2227 1609 2269 quas
1623 2215 1788 2268 quidem
1801 2244 1815 2265 ‚
1840 2213 1907 2256 nisi
1931 2216 2039 2256 omni
2054 2229 2132 2272 ope
2148 2219 2170 2259 a
2186 2214 2315 2258 Vobis
2338 2216 2418 2257 stu-

1381 2272 1574 2315 deremus
1597 2274 1814 2327 depellere
1831 2303 1845 2325 ,
1878 2275 1983 2315 haud
2015 2275 2185 2317 dubium
2199 2272 2284 2324 est,
2319 2274 2417 2330 quin

1382 2329 1588 2387 plusquam
1613 2331 1704 2374 satis
1719 2347 1819 2388 opus
1834 2332 2175 2384 est,abuteremur
2195 2334 2243 2375 iis
2257 2333 2419 2385 praecla-

1386 2392 1440 2433 ris
1457 2388 1773 2447 sanetiffimisque
1796 2393 2022 2435 nominibus
2037 2420 2051 2444 ,
2066 2393 2208 2448 quibus
2231 2394 2318 2433 Nos
2337 2391 2416 2435 Dei

1390 2451 1598 2492 vicarium
1614 2479 1628 2501 ,
1662 2453 1703 2492 &
1717 2452 1940 2494 Christiani
1955 2451 2077 2494 Orbis
2095 2455 2312 2495 Parentem
2332 2453 2415 2494 Ca-

1386 2509 1530 2551 tholici
1549 2510 1635 2551 Filii
1652 2512 1890 2562 nuncupatis
1908 2540 1919 2552 .
1954 2515 2046 2553 Non
2067 2514 2189 2554 decet
2208 2524 2309 2565 ergo
2326 2512 2412 2553 Nos

1381 2567 1590 2624 quiescere
1606 2594 1620 2615 ι,
1635 2570 1730 2611 dum
1749 2570 1831 2611 istic
1854 2574 2043 2612 Romanae
2063 2569 2248 2614 Ecclefiae
2268 2570 2414 2620 autho-

1363 2630 1481 2669 ritas
1503 2627 1787 2682 periclitatur:
1821 2643 1951 2684 neque
1976 2630 2156 2684 profecto
2183 2628 2322 2671 feriari
2339 2642 2412 2672 nos

1378 2688 1504 2728 finuot
1522 2687 1841 2741 impendentium
1854 2687 2130 2731 calamitatum
2144 2688 2296 2740 nunc1i3
2311 2688 2410 2743 quin

1375 2744 1674 2796 diligentissime
1688 2761 1851 2802 operam
1868 2748 2073 2798 dernusmt
2090 2760 2304 2802 paternam
2318 2748 2409 2790 cha.

1373 2808 1538 2847 ritatem
1579 2806 1749 2848 nostram
1784 2807 1970 2849 Eccletiae
1994 2810 2031 2849 &
2064 2808 2241 2860 Imperio
2267 2820 2412 2862 appro-

1370 2864 1511 2907 bemus
1531 2893 1542 2905 .
1576 2868 1722 2920 Neque
1742 2868 2056 2908 Fraternitatem
2074 2869 2203 2911 Tuam
2231 2864 2410 2919 fugerit,

1370 2924 1466 2980 quid
1484 2925 1674 2967 haetenus
1691 2927 1910 2979 egerimus.
1931 2927 2054 2986 Quod
2071 2926 2253 2981 quidem,
2266 2937 2409 2976 quam-

1374 2983 1435 3024 vis
1449 2983 1536 3036 plus
1558 2982 1644 3026 fere
1658 2985 1719 3033 sit,
1738 2987 1856 3039 quim
1871 2984 2068 3041 polsumus
2083 3011 2099 3036 ,
2129 2981 2250 3038 long'e
2265 2992 2407 3024 tamen

1372 3042 1503 3084 minus
1516 3042 1591 3094 est,
1602 3046 1720 3097 quam
1745 3043 1928 3085 volumus
1941 3072 1953 3084 .
1985 3043 2067 3086 Sed
2081 3041 2121 3084 id
2139 3040 2306 3097 quidem
2324 3055 2408 3083 ma-

1371 3100 1500 3142 lumus
1514 3114 1566 3142 ex
1592 3102 1709 3143 rebus
1724 3102 1811 3155 iplis
1826 3129 1839 3153 ‚
1870 3103 1990 3156 quam
2006 3115 2056 3143 ex
2083 3101 2214 3143 literis
2231 3100 2376 3142 nostris
2391 3125 2406 3148 2

1368 3159 1546 3215 intelligi
1558 3188 1570 3200 .
1603 3163 1722 3202 Nunc
1739 3170 1990 3212 autem,cum
2004 3160 2280 3215 acceperimus
2293 3188 2305 3210 2
2319 3172 2406 3201 ma-

1370 3219 1482 3260 ximo
1510 3233 1602 3260 cum
1631 3218 1751 3260 animi
1779 3220 1903 3261 nostri
1920 3220 2095 3269 dolore,
2126 3232 2256 3261 novos
2279 3219 2407 3261 haere-

1370 3277 1549 3319 ticorum
1566 3288 1734 3320 conatus
1747 3305 1761 3328 ,
1792 3279 1830 3319 &
1846 3273 2070 3321 Catholicae
2085 3277 2312 3332 Religionis
2334 3289 2406 3332 pe-

1368 3336 1497 3379 ricula
1511 3364 1525 3388 ,
1538 3335 1633 3378 istuc
1645 3336 1921 3391 ablegavimus
1940 3337 2144 3380 Dilectum
2161 3335 2406 3387 filium,Fra·

1368 3393 2405 3452 tremHyacinthumCasalensem,Capucinum,qui

1370 3454 1506 3496 nostro
1522 3454 1697 3497 Nomine
1714 3454 1910 3498 Caelarem
1933 3455 2056 3512 ipsum
2083 3455 2124 3496 δι
2147 3451 2405 3510 plerosque:

1372 3515 1537 3569 Imperii
1554 3514 1762 3573 Principes
1775 3514 1909 3560 adiret
1922 3544 1937 3566 ,
1968 3525 2091 3568 atque
2105 3527 2152 3558 ea
2168 3539 2183 3564 ‚
2201 3526 2279 3568 qua
2297 3511 2404 3568 apud

1370 3573 1498 3616 Italos
1519 3573 1694 3616 celebris
1721 3575 1804 3624 est,
1833 3572 2069 3629 eloquentia
2095 3581 2218 3627 atque
2247 3571 2402 3626 pietate

1369 3632 1576 3688 publicam
1596 3633 1751 3675 causam
1775 3633 1881 3686 apud
1900 3635 1982 3674 Vos
1997 3641 2137 3687 ageret
2160 3659 2174 3682 ,
2204 3631 2403 3673 nostram-

1369 3691 1578 3746 queVobis
1590 3691 1825 3747 pastoralem
1840 3689 2158 3733 sollicitudinem
2169 3691 2401 3733 testaretur.

1373 3751 1419 3792 Ei
1446 3751 1646 3807 praecipue
1676 3748 1949 3793 mandavimus
1966 3778 1980 3801 ‚
2012 3758 2056 3792 ut
2086 3750 2400 3792 fraternitatem

1371 3819 1482 3853 tuam
1503 3809 1638 3855 adiret
1663 3838 1679 3864 ,
1711 3808 2016 3867 cujus'quidem
2039 3808 2231 3866 ptaeclara
2259 3812 2400 3909 qumae

2283 3881 2306 3910 e
