2618 4108
426 343 519 435 Fr.
539 368 938 460 Hyacinthus
975 367 1010 433 ὲ
1046 365 1245 435 Casali

317 560 508 606 Nastitur
524 562 600 612 sol.
617 575 715 617 ²4¹·
730 561 933 606 Ordinem
962 557 1144 604 nostrum
1170 557 1355 615 ingredi·

427 633 499 665 tur
522 621 593 665 abi.
627 634 817 678 tempore
845 616 1087 662 Novitiatfis
1123 618 1350 663 infirmatur

419 679 494 730 sol.
520 694 622 734 24²·-
666 683 736 739 qui
782 678 879 724 ideo
909 677 959 719 ad
998 679 1127 722 alium
1164 692 1353 723 annum,

427 740 689 796 protrahitur
707 737 778 781 m.
816 737 1127 780 Praedicationis
1167 736 1349 780 officium

427 799 639 842 Diaconus
663 796 849 839 Venetiis
875 796 1020 851 incipit
1044 796 1119 839 ibi.
1149 796 1219 839 ubi
1248 810 1348 838 cau-

425 858 509 902 sam
543 858 696 901 Sanctae
729 853 847 898 Sedis
884 867 1115 910 propugnat
1147 855 1227 897 ab).
1257 857 1293 896 ἀ
1320 855 1346 897 ὃ

424 919 543 960 Statu
559 916 726 957 Veneto
741 915 854 957 exire
868 913 1049 970 jubetur.
1065 915 1135 956 rbi.
1162 915 1344 957 mittitur

421 976 447 1020 a
462 973 569 1028 Papa
585 973 624 1015 in
640 973 903 1017 Germaniam
917 972 1163 1016 ibi.viennae
1181 971 1339 1016 diffidis

422 1031 540 1076 Aulae
553 1031 745 1076 Caesareae
757 1032 967 1088 componit
978 1030 1225 1075 ibi-Moniali
1242 1045 1338 1074 con·-

424 1091 727 1148 tumaciJanuae
752 1089 964 1134 infaustum
985 1090 1075 1133 vitae
1092 1089 1217 1133 finem
1236 1104 1338 1146 prae-

421 1150 524 1195 dicit
539 1149 612 1192 ibi.
630 1153 665 1194 A
681 1154 834 1194 Senatu
850 1148 1144 1194 Mediolanenfi
1161 1148 1335 1204 insignes

418 1209 634 1266 Reliquias
661 1209 808 1265 recipit
825 1209 898 1250 ibi.
930 1208 1169 1263 Theologus
1185 1208 1336 1251 Cardi-

418 1266 525 1311 nalis
554 1267 755 1311 Madrutii
785 1267 826 1311 in
853 1267 1118 1311 Germaniam
1147 1265 1338 1324 regredi·

420 1337 489 1369 tur
500 1326 572 1368 ibi.
596 1327 662 1369 ubi
689 1326 928 1369 libertatem
946 1324 1180 1381 Religionis
1204 1328 1336 1380 impu.

419 1394 518 1440 gnat
530 1383 600 1425 ibi.
616 1386 656 1426 δι
671 1382 804 1426 foedus
823 1385 931 1426 inter
952 1384 1160 1438 Principes
1175 1385 1336 1427 Catho-

422 1443 526 1486 licos
546 1442 645 1486 iniri
670 1441 811 1486 suadet
826 1441 896 1484 ebs.
915 1442 1073 1487 Intuitu
1091 1442 1335 1486 meritorum

417 1499 507 1556 ejus
534 1503 780 1545 Conventus
810 1501 1046 1544 Ratisbonae
1086 1501 1335 1545 construitur

414 1559 489 1602 ibt.
515 1561 553 1602 &
582 1561 698 1603 variat
722 1559 923 1616 Reliquiae
957 1561 994 1602 ei
1024 1559 1234 1604 donantur
1260 1561 1334 1602 ibi.

415 1628 562 1662 contra
577 1619 743 1662 aemulos
756 1645 771 1668 ‚
790 1621 825 1661 Βι
842 1618 1029 1661 inimicos
1048 1619 1230 1662 modeste
1246 1621 1333 1676 agit

417 1677 491 1720 m.
518 1679 657 1722 Romae
680 1676 807 1722 redux
831 1676 1008 1734 benigne
1037 1678 1236 1734 recipitur
1258 1677 1331 1719 sbi.

414 1735 626 1793 consignat
658 1737 772 1792 Papae
811 1737 988 1781 Litteras
1018 1735 1328 1792 Archiepiscopi

413 1797 455 1838 δι
466 1794 661 1838 Bienoris
675 1793 985 1852 Moguntinifol.
998 1808 1095 1850 240.
1106 1796 1326 1851 &fol-243.

414 1854 692 1898 Concionatur
726 1868 820 1898 cum
864 1853 994 1898 fructu
1021 1854 1093 1897 ibi.
1133 1854 1327 1900 Doemoni

411 1913 542 1956 inviso
569 1912 642 1954 lbi·
673 1913 851 1957 Redit&
867 1914 1065 1958 Venetias
1097 1913 1150 1956 ad
1165 1914 1328 1956 concio·-

411 1971 618 2023 nandum,
644 1972 684 2013 &
713 1972 884 2017 Brixiam
900 1971 970 2015 ibi.
993 1989 1040 2016 ac
1058 1973 1108 2016 ad
1128 1973 1297 2030 patriam
1311 2002 1327 2025 ‚

410 2030 479 2073 cui
493 2029 595 2072 dura
615 2029 796 2085 praedicit
811 2031 887 2073 r'bt'.
913 2033 1119 2076 Turrichii
1145 2045 1326 2085 agmen-a

413 2087 550 2131 ovium
576 2100 668 2130 eum
691 2089 1007 2131 concionantem
1028 2089 1140 2132 audit
1154 2088 1227 2131 ibi.
1253 2090 1327 2131 Vi·

409 2145 557 2188 centiae
574 2144 809 2187 diffidentes
840 2146 925 2187 unit
940 2147 1012 2189 ibt.
1043 2147 1258 2191 Placentiae
1271 2147 1324 2191 ad

410 2216 506 2245 eum
529 2200 776 2246 audiendum
803 2203 976 2260 populus
993 2207 1208 2249 turmatim
1221 2220 1325 2250 con-

414 2261 507 2304 fluit
520 2259 593 2302 ib).
615 2261 718 2303 mira
733 2261 787 2303 ibi
810 2273 1009 2317 operatur
1023 2262 1096 2311 fol.
1117 2277 1212 2320 244.
1231 2269 1325 2308 Me-

414 2318 567 2363 diolani
599 2320 892 2364 Monasterinm
920 2322 1165 2365 Monialium
1193 2322 1327 2367 refor-

415 2388 500 2421 mat
514 2376 588 2420 ibi.
615 2378 726 2421 Lites
753 2381 964 2436 componit
990 2380 1063 2422 ibi.
1093 2383 1326 2427 Constanti-

413 2436 596 2492 nopolim
614 2465 629 2489 ,
655 2438 696 2480 8ι
723 2438 761 2480 in
782 2437 970 2495 Angliam
1004 2452 1079 2496 pro
1107 2438 1186 2483 fide
1214 2441 1324 2484 mitti

412 2495 531 2539 instat
553 2493 623 2537 ibt.
650 2497 697 2539 In
716 2495 859 2540 Tuscia
887 2496 1026 2550 sanat,
1050 2498 1091 2540 δε
1120 2498 1227 2553 figna
1254 2514 1324 2543 re-

409 2565 539 2598 novat
561 2553 634 2596 ibi.
658 2557 723 2599 De
747 2555 887 2599 hausto
912 2557 1100 2600 Bononiae
1123 2558 1325 2612 praedica·

411 2614 533 2657 tionis
562 2610 694 2657 frustu
730 2614 964 2658 Cardinalis
1005 2616 1241 2662 Ludovifius
1282 2617 1322 2659 ei

398 2671 721 2727 gratulatus-ibi.
736 2675 854 2716 Lucae
870 2673 1028 2716 balneis
1044 2687 1166 2716 utens
1183 2677 1234 2719 ab
1248 2690 1323 2719 ex·

409 2731 508 2774 teris
537 2729 723 2776 invifitur
748 2729 819 2773 ibi.
850 2733 1040 2787 lupatria
1055 2743 1198 2776 contra
1225 2737 1322 2779 vitia

410 2798 527 2832 tonat
541 2789 612 2832 ibi.
637 2793 851 2832 Cremonae
868 2787 1188 2842 sanat‚obselsam
1208 2792 1322 2850 loqui

407 2847 559 2905 jubet,
592 2847 828 2891 diffidentes
857 2850 1069 2893 Matronas
1096 2853 1320 2903 conciliat,

410 2909 449 2950 δι
464 2906 663 2963 Populum
690 2905 887 2950 reformat
913 2906 983 2949 ibt.
1006 2913 1029 2953 a
1049 2911 1154 2965 Papa
1174 2911 1229 2954 ob
1246 2924 1321 2954 ne·

410 2967 521 3021 gotia
537 2965 734 3010 Friderici
752 2966 874 3008 Ducis
892 2966 1067 3011 Palatini
1083 2967 1122 3008 in
1141 2970 1320 3012 Germa·

408 3026 583 3068 maniam
610 3025 824 3080 ablegatur
843 3021 916 3071 fol.
934 3037 987 3079 a4
991 3037 1031 3074 5.
1066 3027 1184 3068 variis
1205 3028 1320 3069 Prin-

408 3084 708 3196 zffizbszzbfst‘
719 3082 1203 3186 ‚⁰83⁸“32‘lffi‘nss15’5
1221 3096 1318 3185 ²3⁵·

690 3170 702 3183 .
809 3171 819 3183 .
1039 3158 1048 3185 i
1196 3158 1221 3185 o
1280 3158 1323 3185 a·

407 3200 527 3242 variae
558 3202 676 3243 Duce
701 3201 743 3242 in
772 3201 1007 3244 Electorem
1044 3201 1322 3245 substituendo

410 3270 505 3300 cum
524 3258 782 3313 Imperatore
799 3258 964 3304 Viennae
978 3260 1062 3316 agit
1080 3261 1151 3310 fol.
1169 3272 1266 3312 245.
1282 3261 1319 3302 δι

408 3310 588 3359 feliciter
605 3315 645 3357 id
661 3315 895 3358 conclusum
907 3314 989 3359 else
1003 3345 1017 3369 ,
1044 3321 1159 3373 Papae
1175 3333 1319 3363 renun-

408 3377 486 3418 tiat
502 3376 575 3425 sol.
605 3374 701 3427 246.
726 3373 1013 3431 Heidelbergae
1052 3380 1313 3421 novitatem„-

411 3433 593 3491 publicat
608 3433 679 3483 fol.
698 3445 793 3487 247.
819 3431 976 3476 secedit
1007 3432 1230 3478 Madritum
1245 3435 1317 3478 ihi.

412 3494 612 3549 Hispaniae
651 3492 900 3536 Proceribus
944 3493 1256 3538 commendatus
1294 3498 1319 3541 ὲ

402 3553 474 3607 sol.
490 3553 588 3595 266.
617 3552 740 3608 usque
765 3550 815 3593 ad
837 3550 911 3599 fol.
929 3561 1026 3599 270.
1052 3553 1221 3595 technas
1240 3555 1324 3595 An·

411 3612 541 3670 glicas
560 3611 696 3667 Regia:
715 3609 825 3653 Aulae
845 3606 1042 3665 patefacit
1057 3609 1130 3650 ibi.
1144 3612 1322 3666 benigne

410 3676 435 3717 a
453 3669 644 3715 Ministris
667 3671 706 3712 δι
730 3670 850 3724 Rege
878 3665 1045 3710 auditur
1070 3665 1143 3711 m.
1172 3669 1222 3711 ad
1251 3685 1323 3711 cu-

412 3730 474 3786 jus
524 3730 727 3771 instantias
764 3728 1026 3769 concionatur
1060 3727 1120 3769 ibt
1147 3758 1158 3768 .
1208 3729 1322 3772 Sicut

411 3792 448 3833 8(
466 3791 696 3834 Barcinonae
720 3786 792 3835 sol.
812 3787 907 3840 248.
939 3787 1106 3829 Viennae
1130 3787 1323 3830 Peverel-

1535 321 1621 365 lum
1639 320 1744 366 sanat
1758 352 1774 376 ‚
1784 325 1826 367 δι
1837 324 1862 371 a
1874 324 2125 370 Calvinismo
2141 245 2438 381 eon3er4m3m.

1538 381 1721 424 Vocatur
1732 383 1881 427 Niffam
1892 384 1943 426 ab
1957 385 2439 441 Episcopossmrcbiduce

1532 439 1704 483 Austriae
1718 440 1790 482 ibi.
1813 442 2043 485 Ratisbonae
2072 445 2111 486 in
2127 446 2338 502 conspectu
2356 453 2441 492 Cae-

1530 496 1627 540 saris
1639 499 1717 540 &c-
1735 502 1920 545 Verbum
1940 502 2015 543 Dei
2038 502 2268 548 diffeminat
2284 507 2356 549 tbi·
2370 521 2443 551 cu-

1527 555 1595 615 jus
1621 558 1761 614 gratia:
1775 559 2041 602 Cardinalem
2069 561 2302 608 Kleffelium
2331 566 2443 609 resti.

1528 616 1609 659 tuit
1646 614 1729 659 abi.
1784 619 1951 675 Recipit
1994 620 2171 665 Litteras
2216 625 2237 664 a
2267 626 2439 680 Rege.-

1529 672 1958 720 Christianiffimoe'bt.
1988 680 2151 722 Socium
2181 682 2219 723 in
2249 684 2439 738 Angliam

1529 734 1657 776 mittit
1673 733 1743 775 ibi.
1760 736 1822 779 Ab
1841 738 2006 781 Urbano
2024 739 2103 781 PP.
2122 741 2240 782 Vlll.
2256 742 2294 782 in
2309 745 2439 797 Lega-

1525 794 1639 837 tione
1665 792 1928 838 confirmatur
1942 795 2014 838 ibi.
2043 798 2083 839 &
2100 800 2219 841 variis
2239 801 2437 857 Principi-

1524 852 1598 894 bus
1624 855 1938 897 commendatur
1974 854 2085 912 afol.
2102 868 2199 907 277.
2231 857 2354 914 usque
2381 860 2435 902 ad

1510 908 1594 971 sol.
1624 913 1722 967 283.
1761 913 1946 956 Licentia
1981 924 2079 956 ante
2106 915 2334 961 diluculum
2354 920 2434 960 &c.

1521 968 1763 1013 celebrandi
1787 972 1827 1013 ei
1856 970 2099 1016 conceditur
2113 973 2307 1031 sol.a78.
2340 980 2436 1019 Bru-

1517 1027 1641 1071 xellis
1668 1031 2047 1087 congregationem
2068 1044 2138 1086 40.
2158 1035 2352 1092 Equitum
2370 1038 2435 1076 in-

1517 1088 1646 1130 stituit
1661 1084 1742 1143 fiel.
1760 1102 1861 1146 249.
1887 1091 1928 1132 &
1944 1091 2181 1134 oratorium
2197 1099 2238 1137 δ.
2252 1094 2431 1149 Philippi

1517 1144 1639 1190 Nerii
1667 1144 1829 1192 fundari
1857 1158 1975 1192 curat
1995 1148 2067 1191 ibi.
2099 1151 2265 1194 Parisios
2293 1154 2433 1207 pergit

1502 1201 1707 1263 filaso.
1737 1206 1806 1249 ubi
1837 1209 1943 1263 Regi
1972 1209 2039 1263 pie
2067 1207 2242 1252 consulit
2260 1209 2328 1251 tbi.
2361 1209 2430 1265 qui

1514 1264 1556 1306 δι
1574 1262 1736 1306 clavem
1755 1265 1906 1308 sacelli
1923 1266 2042 1322 Regii
2066 1281 2142 1322 pro
2163 1269 2429 1310 extrahendis

1512 1336 1564 1366 ex
1581 1335 1633 1363 eo
1657 1324 1728 1366 SS.
1748 1324 1950 1379 Reliquiis
1977 1327 2015 1366 ei
2033 1327 2241 1381 contignat
2258 1327 2332 1368 ibi.
2366 1331 2429 1369 De

1513 1380 1640 1425 Valle
1657 1381 1821 1424 Tellina
1837 1396 1928 1424 cum
1950 1384 2188 1427 Archiduce
2209 1385 2428 1441 Leopoldo

1511 1454 1586 1498 per
1617 1440 1797 1484 Litteras
1823 1442 1906 1498 agit
1934 1442 2009 1484 ibi.
2050 1444 2265 1486 Reducem
2295 1446 2428 1486 Roma

1510 1513 1605 1543 cum
1633 1497 1774 1555 plausu
1796 1499 1949 1556 excipit
1978 1498 2053 1544 ibi.
2082 1502 2150 1545 ubi
2175 1504 2305 1544 varias
2336 1502 2429 1547 dt.-

1511 1559 1772 1614 Principibus
1797 1561 1944 1615 recipit
1976 1562 2157 1605 Litteras
2178 1563 2262 1618 fil.
2282 1573 2378 1610 251.
2405 1562 2429 1603 a

1512 1618 1649 1673 Regio
1664 1618 1818 1660 Sveciae
1831 1620 1871 1664 &
1890 1621 2069 1663 Polon'iae
2090 1621 2283 1675 Principe
2298 1621 2428 1662 invisi-

1510 1675 1673 1718 turibi.
1704 1675 1840 1718 causas
1868 1681 2110 1720 Sanctorum
2139 1680 2304 1720 Ordinis
2332 1692 2428 1733 pro-

1507 1744 1647 1776 movet
1666 1730 1735 1773 ibi.
1765 1735 1805 1775 δι
1830 1748 1939 1777 anno
1965 1735 2127 1792 jubilaeo
2155 1739 2426 1779 concionatur

1504 1791 1573 1834 ibi.
1598 1791 1620 1836 a
1657 1793 1775 1847 Rege
1804 1799 1956 1837 bveciae
1987 1794 2281 1837 mediationem
2315 1796 2424 1850 pacis

1503 1849 1645 1908 suscipi
1675 1862 1795 1906 urget
1820 1851 1892 1894 ibi.
1918 1853 2028 1895 circa
2055 1867 2176 1910 quam
2202 1854 2426 1896 difficulta-

1504 1920 1569 1954 tes
1595 1910 1845 1954 obiiciuntur
1864 1910 1946 1968 fot.
1965 1923 2062 1960 252.
2093 1914 2269 1968 Neapoli
2302 1917 2424 1955 Mon-

1504 1979 1591 2012 tem
1610 1970 1934 2025 Agonizantium
1960 1972 2084 2027 erigit
2102 1970 2173 2013 ibt.
2204 1970 2289 2029 ejus
2317 1971 2425 2015 redi-

1507 2039 1594 2073 tum
1608 2029 1772 2072 Civitas
1799 2029 1973 2085 postulat
1990 2030 2061 2072 ibi.
2099 2032 2143 2072 ln
2159 2031 2423 2074 Germaniam

1505 2089 1646 2131 denuo
1670 2102 1764 2131 cum
1787 2089 2019 2145 privilegiis
2046 2089 2423 2133 Missionariorum„

1503 2147 1720 2202 ablegatur
1735 2146 1806 2188 ibi-
1830 2148 2149 2192 commendatus
2178 2150 2202 2191 a
2226 2150 2328 2203 Papa
2351 2162 2423 2190 va-

1503 2208 1574 2249 riis
1589 2206 1833 2247 proceribus
1848 2204 1919 2246 ibi.
1947 2210 2010 2249 De
2027 2207 2135 2249 illius
2155 2204 2332 2262 regreffu
2351 2210 2426 2248 Ar-

1504 2263 1899 2319 chiduxLeopoldus
1915 2264 2143 2320 gratulatur
2159 2262 2230 2304 ibi.
2247 2267 2421 2307 Romam

1502 2322 1542 2369 se
1557 2336 1636 2365 non
1654 2322 1882 2366 rediturum
1908 2324 2091 2380 praedicit
2106 2320 2190 2382 fol.
2221 2334 2317 2378 253.
2341 2324 2418 2366 in.‚

1503 2379 1715 2438 squanuae
1728 2382 1896 2424 transitu
1917 2385 2108 2427 Fratrem
2127 2383 2276 2425 laicum
2293 2380 2418 2434 lauat,

1499 2443 1541 2486 &
1558 2441 1688 2483 ltaliae
1702 2440 1962 2484 calamitates
1977 2443 2158 2498 praedicit
2171 2441 2243 2483 ibi.
2264 2444 2417 2484 Parmae

1498 2501 1551 2544 de
1566 2500 1726 2557 pulpito
1752 2501 1892 2543 dicens
1911 2500 2140 2545 infirmatur
2153 2501 2223 2542 Ibi.
2258 2501 2311 2542 ad
2334 2501 2414 2542 Pa-

1500 2559 1622 2601 triam
1650 2557 1945 2612 transportatur
1958 2558 2031 2601 ibi.
2063 2562 2100 2601 &
2127 2560 2225 2601 inibi
2248 2560 2296 2602 ad
2313 2560 2413 2601 Ora.

1500 2618 1651 2660 torium
1681 2621 1721 2661 S.
1739 2619 1916 2675 Philippi
1934 2619 2053 2661 Nerii
2076 2617 2148 2660 ibi.
2176 2619 2413 2661 Nuntium..-

1498 2676 1642 2718 mortis
1657 2674 1766 2719 laetus
1783 2680 1932 2735 accipit
1945 2677 2069 2719 abb&
2087 2679 2187 2719 hanc
2204 2678 2269 2731 pie
2283 2690 2412 2732 oppe-

1496 2735 1547 2776 tit
1563 2734 1634 2775 ibi.
1649 2735 1840 2778 Animam
1855 2738 1939 2792 ejus
1956 2737 1994 2778 in
2010 2737 2139 2791 gloria
2153 2736 2238 2778 dua:
2253 2735 2411 2777 Monia·

1496 2793 1557 2836 les
1573 2792 1714 2835 vident
1730 2793 1800 2838 ibi.
1825 2795 1876 2837 ad
1900 2794 2011 2836 illius
2039 2794 2216 2838 cadaver
2236 2793 2408 2837 confluit

1498 2851 1676 2906 Populus
1700 2852 1771 2892 sbi.
1806 2866 1880 2908 pro
1908 2853 2022 2907 cujus
2054 2852 2281 2896 devotione
2319 2863 2405 2893 tres

1495 2910 1676 2953 Habitus
1695 2908 1939 2953 dissecantur
1953 2912 2027 2954 tbi.
2045 2913 2163 2968 Jacet
2187 2914 2226 2951 in
2256 2911 2406 2952 Eccle-

1495 2969 1546 3010 fia
1565 2970 1752 3011 Fratrum
1769 2970 1995 3012 nostrorum
2012 2972 2062 3008 ab
2079 2969 2277 3011 oratorio
2289 2978 2406 3011 tran·

1497 3026 1647 3069 slatum
1661 3026 1732 3069 ibi.
1762 3028 1878 3068 lilius
1904 3026 2161 3081 Epitaphium
2188 3026 2261 3067 ibi.
2291 3028 2406 3068 Prin-

1498 3083 2407 3198 {miti}3322:3523521‘2‘·f.l:‘}35532¹1

1490 3203 1563 3255 fil·
1590 3212 1687 3251 254.
1716 3200 1914 3242 Oratione
1937 3202 1977 3242 dt
1999 3202 2140 3243 labore
2166 3201 2408 3246 conservata

1494 3259 1563 3300 ibi.
1596 3260 1636 3301 δι
1662 3259 1864 3301 charitate
1887 3269 2083 3302 coronata
2098 3260 2172 3301 ibi.
2204 3261 2407 3306 Peculiari

1494 3315 1718 3360 devotione
1735 3318 1974 3373 prosecutus
1996 3317 2053 3362 est
2072 3319 2115 3360 Β.
2135 3320 2186 3360 V.
2203 3321 2376 3364 Mariam
2394 3350 2409 3372 ,

1495 3374 1674 3431 aliosque
1700 3378 1865 3419 Sanaos
1889 3375 1958 3417 11⁷1.
1992 3378 2031 3419 in
2061 3377 2260 3421 honorem
2290 3381 2407 3448 S-Jo-

1493 3431 1967 3491 sephiConservatorium
1985 3434 2146 3480 fundari
2158 3438 2317 3481 curavit
2334 3438 2406 3480 tbi.

1494 3496 1566 3538 SS.
1584 3491 1794 3549 Reliquias
1813 3494 2000 3537 Ecclefiae
2016 3494 2253 3540 Monialium
2266 3499 2408 3552 Capu·

1497 3553 1680 3596 cinarum
1706 3552 1745 3594 in
1775 3553 1965 3597 Civitate
1990 3552 2192 3597 Casalenfi
2233 3556 2405 3598 donavit

1490 3612 1561 3666 fbl.
1581 3625 1677 3667 ²39·
1711 3612 1751 3653 δι
1784 3611 1969 3656 Ecclefiae
1997 3614 2179 3656 Oratorii
2215 3614 2405 3656 ibidem,

1492 3671 1563 3723 fol.
1581 3682 1676 3721 242.
1697 3670 1806 3712 Libri
1826 3672 1878 3714 ab
1900 3685 1955 3715 eo
1977 3669 2148 3725 impressi
2163 3701 2187 3725 a
2202 3674 2242 3714 ἃ
2259 3672 2404 3728 scripta

1499 3729 1638 3771 relicta
1663 3727 1924 3774 recensentur
1944 3730 2016 3771 ibi.
2043 3729 2182 3775 Plures
2210 3734 2403 3775 Auctores

1502 3786 1588 3842 ejus
1616 3787 1809 3831 virtutem
1842 3789 2129 3833 commendant
2151 3789 2220 3839 fol.
2240 3802 2335 3838 255·
2365 3789 2406 3830 ει

2279 3856 2350 3892 Sa·
