2716 4082
377 302 544 404 'xxx
682 354 685 359 -
835 284 1958 399 RROSECleo

712 590 1639 691 secrlo
1838 588 2064 680 1v,

891 881 992 962 De
1037 883 1444 981 perveterum
1482 883 1870 975 executione}

532 1159 1041 1232 Uemadmodum
1083 1165 1292 1255 legeS,
1333 1161 1685 1230 executioni
1727 1182 1862 1226 non
1903 1158 2095 1237 datae,
2134 1157 2205 1224 in
2241 1158 2451 1248 Repu-

562 1256 742 1323 *blica
776 1259 1002 1325 nullius
1037 1257 1153 1325 fint
1190 1257 1499 1335 utilitatiS,
1533 1256 1594 1321 &
1626 1252 1846 1319 semini
1881 1250 2008 1319 fine
2046 1252 2245 1319 fructu
2281 1275 2452 1316 com-

593 1351 792 1439 parari
834 1350 1067 1418 debent
1086 1400 1104 1427 ,
1146 1353 1231 1417 ita
1264 1352 1323 1417 81
1356 1352 1624 1416 Decreta
1661 1347 2056 1437 Principum,
2095 1361 2197 1412 aut
2231 1366 2448 1409 eorum

317 1442 771 1532 Delegatorum
792 1491 810 1519 ,
849 1442 895 1510 fi
935 1446 1015 1509 ad
1061 1446 1491 1510 executionem
1537 1464 1672 1508 non
1719 1442 2142 1517 deducantur,
2189 1453 2451 1504 manent

317 1534 378 1600 31
432 1534 566 1601 sunt
620 1538 826 1602 anima
879 1535 1010 1602 fine
1058 1557 1322 1625 corpore
1361 1581 1380 1610 ,
1444 1535 1506 1600 ἃ
1561 1557 1786 1623 corpus
1841 1532 1968 1600 fine
2020 1535 2244 1622 vigore
2281 1578 2296 1594 .
2343 1529 2449 1595 Est

319 1644 529 1694 autem
569 1631 853 1695 executio
891 1629 1145 1694 Decreti
1171 1631 1526 1716 spontanea
1546 1676 1563 1704 ,
1605 1628 1771 1693 astus
1807 1630 1912 1694 vel
1946 1626 2247 1717 positivus
2277 1673 2294 1701 ,
2343 1623 2448 1689 vel

317 1722 644 1812 negativus
665 1770 682 1796 ,
726 1745 853 1813 quo
892 1723 936 1787 ii
960 1771 980 1799 ,
1026 1743 1191 1812 quos
1238 1724 1575 1786 Decretum
1621 1717 1815 1785 afficit
1861 1722 1918 1785 ὅτ
1968 1722 2169 1810 tangit
2202 1770 2219 1796 ,
2266 1715 2452 1801 hujus

321 1815 530 1879 tenori
564 1812 683 1879 sese
721 1813 1151 1880 conformant.
1196 1815 1502 1879 Executio
1539 1829 1794 1879 econtra
1833 1810 2079 1890 coada,
2121 1811 2208 1878 est
2245 1810 2451 1884 actiO,

320 1909 442 1998 quii
471 1908 808 1973 Decretum
838 1909 943 1973 vel
974 1908 1165 1997 opera
1197 1905 1380 1996 ipfius
1411 1906 1719 1995 Principis
1745 1954 1762 1982 ,
1801 1905 1905 1969 vel
1939 1905 2283 1969 ministerio
2320 1901 2451 1967 suo-

317 2022 456 2064 rum
491 2001 949 2090 Deputatorum
999 2002 1372 2091 opportunis
1397 2048 1415 2076 ,
1454 2000 1513 2066 81
1555 1998 1882 2091 aliquoties
1922 1998 2218 2063 violentis
2255 2017 2449 2062 reme-

320 2092 442 2159 diis
489 2093 569 2157 ad
615 2091 905 2159 effectum
957 2094 1315 2183 perducitur
1345 2144 1364 2171 ,
1411 2093 1560 2158 inde
1608 2094 1668 2158 81
1707 2090 2071 2158 Executores
2117 2090 2448 2164 dicuntur,

323 2184 433 2273 qui
472 2185 508 2249 a
543 2189 796 2276 Pretore
835 2185 1169 2272 judicatum
1211 2188 1567 2280 exequendi
1609 2187 1788 2252 causa
1822 2185 2044 2252 dantur
2065 2232 2078 2248 .
2128 2180 2316 2274 Brzff
2345 2185 2448 2271 cit,

326 2274 570 2346 Calvin.
610 2280 812 2346 Lexic.
843 2297 987 2346 tom.
1027 2305 1074 2349 1.
1111 2305 1239 2351 ver.
1278 2298 1552 2349 executor
1572 2330 1586 2346 .

330 2438 332 2440 ,
503 2371 738 2438 Sistitur
782 2389 1042 2464 utraque
1081 2376 1360 2441 executio
1392 2374 1469 2441 ab
1500 2375 1951 2465 Appellatione
1989 2373 2262 2460 judiciali
2295 2371 2447 2458 juste

320 2462 639 2550 interjecta
659 2514 676 2541 ,
712 2489 854 2531 cum
889 2466 1020 2532 haec
1053 2466 1345 2535 effectum
1382 2470 1712 2535 Sententiae
1732 2518 1750 2545 ,
1788 2470 1892 2534 vel
1924 2469 2178 2533 Decreti
2210 2463 2450 2556 suspen-

318 2556 461 2632 dat,
498 2555 802 2648 hujusque
841 2560 1006 2624 vires
1043 2560 1374 2649 infringat,
1412 2587 1484 2629 ac
1517 2561 1560 2628 fi
1598 2563 1789 2627 latum
1827 2583 1961 2627 non
2001 2558 2181 2626 esset.
2227 2560 2446 2627 Rotas

319 2646 464 2716 Dec.
487 2658 634 2733 624.
656 2675 714 2716 n.
737 2656 790 2716 8.
819 2670 985 2739 *p.‚4.
1022 2669 1167 2719 tem.
1189 2678 1247 2719 v1.·
1264 2657 1513 2724 Recent.
1563 2651 1747 2722 Card.
1769 2655 1840 2721 de
1860 2655 2034 2722 Luca
2073 2653 2144 2720 de
2163 2654 2212 2738 J
2215 2650 2438 2721 udiciis

318 2742 458 2827 ἄψ.
485 2751 587 2823 36.
622 2769 681 2811 n.
718 2763 823 2826 45.
839 2745 958 2832 fol.
990 2768 1130 2830 124.
1163 2750 1264 2814 col.
1305 2774 1359 2815 2.
1394 2748 1474 2819 ὃ)
1506 2749 1640 2836 dffi.
1666 2770 1697 2830 3
1705 2772 1766 2837 7.
1794 2772 1853 2815 n.
1874 2758 1980 2832 46.
2027 2749 2208 2814 Hanc
2236 2764 2446 2813 tamen

318 2836 594 2923 regulam
644 2861 775 2904 non
819 2839 1052 2906 intrant
1089 2843 1355 2909 Decreta
1393 2843 1699 2932 Principis
1731 2891 1749 2919 ,
1796 2841 1926 2908 five
1966 2840 2279 2907 versentur
2329 2842 2447 2905 ἰπὶ,

317 2927 599 3016 gratiofis
621 2978 638 3006 ,
676 2933 775 2997 vel
811 2933 1210 2999 contentiosis
1232 2986 1250 3013 ,
1288 2936 1349 3002 &
1380 2936 1865 3027 appellationem
1903 2958 2039 2999 non
2072 2936 2446 3008 admittunt,

318 3020 425 3090 sed
461 3022 757 3092 duntaxat
790 3022 1036 3092 ob-vel
1068 3025 1480 3120 subreptionis
1510 3030 1670 3096 vitio
1709 3030 1912 3095 notari
1943 3025 2188 3118 poffunt
2222 3049 2299 3090 ex
2337 3027 2446 3090 cir-

318 3114 697 3182 cumstantiis
736 3116 997 3184 omiffiS.
1045 3118 1187 3209 Cap.
1215 3145 1351 3189 cum
1383 3125 1534 3191 adeo
1577 3143 1671 3206 17.
1703 3123 1775 3188 de
1803 3121 2098 3208 Rcstrzpt.
2147 3118 2332 3186 Card.
2373 3118 2444 3184 de

324 3206 499 3275 Luca
541 3210 640 3276 cit.
679 3210 812 3297 ἄψ.
853 3222 953 3294 36.
986 3236 1044 3280 n.
1064 3236 1124 3301 7.
1137 3214 1258 3301 fol.
1295 3217 1454 3284 mihi
1498 3237 1637 3300 127.
1668 3216 1769 3283 col.
1793 3237 1845 3280 2.

503 3300 591 3366 Ut
630 3306 880 3372 Decreti
919 3309 1204 3374 executio
1245 3311 1524 3400 legitime
1560 3307 1704 3385 fiat,
1739 3332 1817 3375 ex
1857 3304 2126 3383 eisdem,
2165 3307 2225 3372 ὅτ
2262 3329 2446 3388 non-2

325 3414 400 3455 ex
437 3394 687 3459 noviter
725 3398 1006 3475 deductis
1042 3399 1346 3485 justificari
1381 3402 1606 3478 debet3
1653 3404 1734 3468 ad
1764 3398 2054 3468 effectum
2094 3410 2248 3471 vero
2286 3399 2445 3464 obti-

325 3485 519 3589 nendi
561 3485 1104 3558 confirmationem
1144 3497 1399 3562 Decreti
1439 3498 1504 3562 in
1542 3497 1744 3586 prima
1785 3494 2069 3565 instantia
2102 3495 2247 3569 lati,
2289 3493 2443 3557 illud

326 3590 514 3640 etlam
549 3600 623 3643 ex
655 3583 903 3647 noviter
941 3587 1222 3653 deduffis
1259 3587 1564 3673 justificari
1602 3587 1804 3679 potest
1839 3639 1856 3666 ,
1903 3611 2045 3654 cum
2085 3586 2443 3677 pendente)

327 3669 504 3734 causa
552 3674 983 3759 appellationis
1030 3678 1296 3747 subfistat
1341 3685 1596 3770 regulaz
1644 3705 1767 3749 non
1814 3677 2069 3747 deduc‘la
2109 3678 2439 3755 deducam,

334 3758 413 3829 &³
451 3782 574 3831 non
612 3765 881 3850 probata
918 3771 1185 3857 probabo
1221 3822 1238 3853 ,
1286 3793 1472 3867 prout
1519 3775 1838 3865 distinguit
1882 3776 2045 3843 Rota
2092 3795 2301 3839 coram
2338 3773 2439 3837 Se-

2153 3867 2355 3953 raphi-
