2774 4088
827 204 1838 300 ISAGOGES.
2251 219 2358 301 vii

477 328 754 396 Noretur
792 343 999 394 autem
1040 323 1200 391 bene
1229 375 1246 404 ,
1283 316 1739 397 conclusionem
1775 330 2117 424 procedere
2154 347 2290 398 tum
2328 337 2414 398 Si-

297 435 558 508 gnanter
594 424 751 489 circa
800 417 1192 509 Rescriptum
1220 421 1615 488 Pontificium
1638 472 1655 499 ,
1694 449 1826 491 non
1880 420 2039 490 circa
2078 428 2415 516 Imperato-

285 513 490 592 ·rium,
539 532 643 583 aut
678 511 754 580 ab
789 512 922 576 aliis
945 513 1112 604 Papa
1149 511 1551 581 Inferioribus
1591 535 1980 597 emanatum‚
2026 541 2169 583 cum
2209 535 2412 583 textus

284 626 670 675 memoratus
706 627 784 669 eo
825 605 998 696 ips0,
1047 606 1222 698 quod
1259 604 1328 671 sit
1363 607 1643 684 odiosUS,
1690 634 1822 674 non
1867 610 2153 687 extendi,
2201 610 2313 674 sed
2328 633 2416 674 re-

290 697 503 791 stringi
541 697 762 765 debeat
802 748 819 774 ,
865 715 997 765 tum
1048 697 1329 785 expresse
1372 701 1531 768 circa
1570 701 1874 767 irretitum
1919 705 2414 768 excommunica-

290 794 465 858 tione
502 794 734 878 majore
756 840 772 868 ,
821 815 962 857 cum
1002 793 1207 857 minor
1242 794 1449 884 privet
1477 792 1768 859 duntaxat
1806 796 2278 886 participatione
2314 799 2414 859 Sa-

289 903 747 951 cramentorum
766 885 876 949 &e
911 883 1039 968 cast
1074 883 1336 950 celebr-at
1370 883 1442 971 de
1466 881 1676 951 Clerie.
1712 908 1925 951 excom.
1949 887 2202 972 mimstr.
2225 890 2280 952 ὅτ
2304 890 2414 952 im-

288 979 709 1067 petrationem
742 977 1046 1068 Rescripti
1083 977 1198 1071 per
1233 1000 1369 1042 eam
1407 979 1706 1069 impediri
1736 977 1954 1043 nullibi
1989 997 2304 1044 caveatur.

470 1073 611 1136 Nec
643 1068 844 1136 solnm
864 1072 1449 1136 Excommunicatus
1489 1073 2144 1138 excommunicatione
2182 1072 2415 1156 majore

206 1219 212 1225 .
284 1163 657 1254 prohibetur
697 1163 1032 1256 impetrare
1067 1164 1459 1257 Rescriptum
1513 1188 1626 1257 per
1665 1163 2057 1256 semetipsum
2094 1213 2110 1239 ,
2158 1163 2263 1228 sed
2309 1187 2415 1226 ne-

286 1278 410 1348 que
450 1257 637 1321 etiam
673 1278 786 1347 per
827 1261 1301 1323 Procuratorem
1339 1279 1473 1343 arg.
1510 1279 1557 1322 c.
1576 1257 1682 1324 ult.
1724 1257 1797 1324 de
1833 1258 2081 1325 Procur.
2117 1256 2224 1321 ubi
2245 1253 2415 1318 Gloss

281 1350 341 1415 sa
377 1351 726 1440 marginalis
767 1350 964 1436 rejicit
1003 1352 1390 1417 Sententiam
1432 1350 1652 1418 Gloffae
1692 1353 1909 1444 prim'ae
1940 1399 1957 1428 ,
2005 1347 2414 1441 oppositum,

279 1445 578 1509 tenentis,
615 1447 844 1534 Neque
879 1445 1085 1536 potest
1125 1446 1244 1511 tale
1283 1444 1568 1511 obtinere
1608 1469 1726 1532 pro
1750 1446 1908 1519 alio,
1956 1442 2242 1533 quamvis
2281 1463 2418 1503 non

285 1537 832 1604 excommunicato
871 1560 1005 1626 arg.
1043 1559 1088 1602 e.
1124 1537 1502 1603 decernimus
1548 1544 1602 1601 8.
1642 1535 1715 1599 de
1739 1538 2016 1606 Sentent,
2035 1556 2249 1599 exc-om.
2268 1536 2336 1597 in
2358 1544 2415 1599 6.

287 1631 464 1722 quod
517 1633 575 1698 8<
612 1631 939 1721 procedit,
999 1629 1118 1695 five
1159 1628 1725 1693 excommunicatio
1766 1626 1838 1691 fit
1888 1626 2142 1718 publica
2178 1628 2281 1690 vel
2315 1648 2417 1690 oc-

284 1725 482 1798 culta,
523 1747 668 1788 cum
717 1724 848 1807 jura
884 1744 1016 1785 non
1055 1719 1432 1808 distinguant
1462 1769 1479 1796 ,
1525 1721 1583 1785 ἃ
1638 1720 1990 1786 ἰηάἱίὶὶηξὶὲ
2031 1720 2111 1784 de
2155 1722 2415 1784 Excom-

282 1815 600 1878 municato
638 1817 972 1903 loquantur
995 1859 1010 1879 .
1057 1813 1211 1876 Ideo
1266 1830 1470 1878 autem
1513 1813 1678 1878 casus
1719 1813 2375 1878 excommunicationis
2397 1859 2414 1886 ,

279 1907 378 1970 vel
442 1905 878 1996 appellationis
931 1906 1322 1996 excipiuntur
1358 1955 1376 1982 ,
1440 1930 1522 1972 ne
1574 1908 2143 1970 excommunicatus
2204 1906 2414 1970 media

275 1998 435 2085 justae
474 1996 851 2063 defenfionis
885 2047 901 2074 ,
946 2022 1213 2089 quorum
1256 2022 1452 2064 unum
1506 2018 1724 2065 contra
1769 1998 2094 2092 quodlibet
2135 1999 2413 2083 injustum

282 2114 621 2181 gravamen
649 2115 762 2183 per
802 2092 1065 2167 modum
1095 2093 1569 2185 appellationiS,
1617 2094 1785 2157 aliud
1820 2101 1971 2162 vero
2007 2115 2121 2183 per
2150 2092 2411 2156 modum

275 2184 569 2276 {implicis
586 2234 604 2260 ,
627 2187 888 2278 querelae
908 2203 1124 2251 contra
1144 2186 1339 2277 ipsam
1361 2187 2080 2255 excommunicationem
2105 2185 2380 2270 injustam
2394 2233 2413 2260 ,
2445 2198 2448 2200 “

285 2276 743 2367 suppeditatur,
792 2275 902 2344 fibi
942 2278 1238 2346 subtraaa
1278 2277 1445 2349 fuifle
1484 2304 1761 2372 unquam
1791 2279 2096 2371 conqueri
2134 2292 2349 2368 queat.

460 2369 854 2461 Rescriptum
893 2370 971 2438 ab
1012 2376 1576 2441 Excommunicato
1625 2373 1959 2440 obtentum
2001 2372 2087 2436 est
2122 2374 2412 2439 nullum-4

281 2483 415 2526 non
432 2460 633 2528 solnm
669 2486 793 2554 ope
816 2466 1206 2556 exceptionis
1229 2518 1245 2544 ‚
1281 2466 1386 2531 sed
1406 2470 1464 2533 ἃ
1491 2466 1627 2558 ipso
1653 2469 1783 2551 jure
1801 2516 1816 2544 ,
1865 2468 1924 2531 ἃ
1947 2465 2202 2556 quidem
2224 2466 2408 2527 etiam

280 2557 347 2620 in
379 2554 515 2621 casu
537 2606 555 2631 ,
604 2580 735 2648 quo
756 2560 1321 2624 excommunicatio
1342 2559 1505 2626 foret
1523 2560 1764 2624 occulta
1782 2608 1799 2642 ,
1847 2574 1949 2625 aut
1979 2556 2407 2625 excommuni-

279 2667 446 2715 catus
481 2672 616 2716 non
637 2647 780 2714 eflet
809 2650 1142 2716 vitandus:
1189 2654 1245 2724 ὃς
1280 2649 1426 2716 scite
1445 2670 1773 2743 utramque
1803 2669 2043 2743 partem
2074 2666 2244 2713 tenet
2266 2650 2409 2718 Rei-

280 2742 534 2807 fenstuel
569 2742 691 2807 loco
713 2747 812 2810 cit.
833 2741 952 2827 fol.
987 2769 1130 2827 130.
1165 2768 1223 2814 n.
1242 2753 1347 2829 46.
1383 2743 1601 2833 &seq
1643 2748 1848 2810 cimns
1871 2742 2235 2827 Barbosam,
2283 2739 2408 2804 Ab·

285 2835 521 2912 batem,
567 2832 633 2898 F
623 2834 850 2900 elinum
871 2882 889 2909 ,
917 2833 1200 2922 Pirhing.
1235 2837 1404 2902 hunc
1433 2840 1705 2925 rigorem
1726 2837 1792 2899 in
1822 2834 2406 2905 excommunicatio-

281 2930 381 2993 nis
416 2929 639 2995 odium
674 2926 1025 2993 adhibitum
1046 2926 1164 2992 efle
1200 2927 1456 2994 aflerens
1477 2977 1493 3005 ,
1539 2930 1598 2995 δί
1618 2929 2195 3000 excommunicatiS,
2217 2928 2405 2990 etiam

287 3022 561 3087 toleratis
579 3070 597 3097 ,
614 3021 852 3089 nullum
875 3018 1152 3085 favorem
1189 3023 1223 3089 ὲ
1245 3021 1540 3086 Concilio
1560 3018 2013 3086 Constantiensi
2044 3019 2267 3086 saelum
2287 3013 2403 3079 efle

286 3115 509 3179 exinde
543 3113 853 3207 probanS,
903 3115 1078 3204 quod
1118 3112 1244 3178 hoc
1273 3113 1586 3184 Fidelibus
1624 3111 2063 3182 innocentibus
2087 3107 2404 3176 consulere

287 3208 588 3284 voluerit,
637 3210 696 3273 &
746 3207 1319 3291 excommunicatos
1359 3207 1769 3279 tolleraverit,
1816 3226 1897 3268 ne
1933 3203 2022 3266 illi
2058 3223 2196 3264 cum
2237 3197 2402 3264 hisce

288 3300 820 3365 communicando
853 3298 1166 3365 censuram
1204 3300 1619 3373 incurrerent,
1653 3297 1806 3361 hinc
1829 3297 1887 3359 δί
1921 3295 1988 3358 in
2005 3292 2163 3376 fine,
2191 3292 2403 3380 senon

288 3389 604 3458 intendere
622 3410 732 3481 per
774 3391 885 3460 hoc
906 3390 1476 3462 Exeommunicatos
1513 3394 1582 3457 in
1604 3388 1811 3476 aliquo
1832 3385 2106 3455 relevare
2122 3434 2138 3461 ‚
2185 3405 2292 3452 nec
2318 3385 2404 3448 eis

289 3483 725 3573 quomodolibet
743 3482 1135 3571 fitffragari,
1182 3487 1392 3576 aperte
1427 3483 1725 3556 declarat,
1772 3502 1844 3543 ac
1867 3478 2261 3571 protestatur.
2310 3479 2406 3542 In-

288 3579 626 3667 telligenda
664 3599 915 3669 quoque
950 3578 1035 3641 est
1067 3579 1197 3648 haec
1213 3576 1515 3666 Rescripti
1552 3574 1796 3638 nullitas
1826 3589 1951 3638 tam
1990 3596 2103 3664 pro
2137 3569 2278 3635 foro
2303 3592 2404 3634 ex·-

290 3684 470 3736 terno
489 3721 506 3749 ,
567 3673 757 3762 quam.
782 3671 1028 3747 interno
1045 3719 1072 3747 ,ι
1109 3673 1168 3737 ἃ
1199 3687 1339 3735 ante
1360 3667 1741 3734 Sententiam
1772 3665 2002 3748 Judicis
2032 3665 2403 3765 condemna-

2168 3773 2311 3818 tor1-
