2664 4114
361 359 426 403 tus
442 271 714 409 &Religionis
733 353 1029 395 incrementum
1040 375 1054 399 ,
1066 345 1374 405 animarumque

362 421 526 464 salutem
541 414 639 468 erigi
656 440 670 463 ,
693 408 889 452 &institui
904 408 1091 457 valeant,
1117 407 1296 450 libenter
1315 411 1374 450 in-

362 472 590 520 tendimus,
615 485 658 512 ac
684 471 722 510 in
747 465 915 521 idipsum
943 465 1151 507 tendentia
1175 465 1374 507 christifi-

360 535 514 577 delium
546 540 637 571 vota
676 524 843 582 paterna
873 525 1069 566 charitate
1101 524 1336 566 exaudimus
1358 550 1373 571 ,

361 601 482 648 prout
498 591 535 629 in
555 584 729 628 Domino
747 582 943 638 expedire
957 583 1196 624 arbitramur
1215 609 1228 624 0

422 647 574 700 Exponi
591 642 783 698 siquidem
796 641 924 684 Nobis
941 655 1067 696 nuper
1083 639 1180 683 fecit
1196 640 1373 682 Dilectus

361 708 481 751 Filius
505 732 518 754 ,
556 701 716 745 Nobilis
735 699 809 742 Vir
840 699 1117 742 Ferdinandus
1150 698 1375 742 Franciscus

362 765 540 807 Gravina
563 789 578 812 ,
608 760 799 814 Princeps
825 758 1080 813 Palagoniae,
1111 758 1340 800 Caltabiani
1359 786 1374 809 ,

359 820 620 867 Pedemontis
635 846 649 869 ,
676 817 868 860 Fluminis
883 817 1035 872 Frigidi
1049 845 1062 868 ,
1087 817 1376 872 aliorumque,-

358 882 540 924 locorum
554 878 594 919 in
604 879 750 931 Regno
766 875 907 918 Siciliae
921 874 1231 926 consistentium,
1246 875 1377 930 quod,

361 935 550 991 cumipse
565 949 646 977 non
663 934 790 976 minus
805 948 882 990 pro
901 934 972 975 suae
989 934 1220 976 devotionis
1237 932 1376 974 affectu

356 1010 454 1052 erga
470 994 667 1036 Ordinem
690 995 875 1035 Fratrum
899 993 1101 1035 Minorum
1125 995 1166 1034 S.
1181 990 1375 1034 Francisci

355 1054 658 1109 Capucinorum
692 1061 1046 1106 nuncupatorum,
1070 1049 1184 1107 cujus
1213 1049 1374 1091 Institu-

355 1124 444 1156 tum
460 1110 755 1167 Primogenitus
771 1110 943 1152 Familiae
963 1107 1036 1151 suae
1061 1109 1156 1152 alias
1182 1107 1372 1164 professus

354 1170 486 1214 fuerat
502 1199 516 1222 ,
546 1173 662 1225 quam
677 1182 752 1223 pro
767 1167 976 1223 Spirituali
997 1165 1199 1223 progressu
1217 1165 1371 1209 Vaffal·

358 1230 490 1273 lorum
522 1229 681 1270 suorum
702 1255 718 1276 ,
748 1227 787 1267 &
801 1226 1014 1281 praesertim
1032 1226 1260 1268 incolarum
1277 1224 1371 1266 dieti

355 1289 436 1331 loci
463 1284 719 1329 Pedemontis
743 1284 850 1326 istius
877 1282 1039 1326 Messan.
1065 1285 1202 1326 Dioec.
1227 1283 1373 1326 Eccle-

355 1348 449 1388 siam
475 1346 514 1385 &
539 1346 799 1384 Conventum
830 1355 905 1397 pro
930 1340 1149 1383 duodecim
1166 1342 1371 1384 Fratribus

354 1402 536 1459 ejusdem
563 1399 726 1440 Ordinis
751 1399 791 1440 in
819 1399 1007 1455 praedieto
1026 1398 1119 1441 loco
1143 1400 1373 1443 Pedemon-

355 1463 405 1503 tis
429 1460 586 1513 erigere
614 1457 798 1498 statuiflet
822 1486 837 1507 ,
874 1458 913 1497 &
942 1456 1027 1510 post
1058 1468 1310 1513 acceptatam
1349 1459 1370 1500 a

354 1515 616 1561 Deffinitorio
632 1514 870 1557 Provinciali
897 1514 1094 1557 dierorum
1113 1518 1296 1558 Fratrum
1327 1517 1367 1559 in

354 1590 495 1621 eorum
519 1573 710 1628 capitulo
734 1572 801 1614 die
828 1585 888 1626 14.
915 1574 1058 1615 octob.
1081 1587 1200 1630 ¹730·
1228 1576 1369 1618 habito

352 1635 619 1682 oblationem,
636 1631 748 1687 super
761 1633 965 1674 erectione
978 1632 1172 1689 ejusmodi
1190 1647 1265 1689 pro
1277 1648 1366 1690 par·-

354 1704 396 1736 te
423 1692 597 1749 ejusdem
614 1689 855 1732 Perdinandi
872 1691 1072 1733 Francisci
1087 1692 1285 1747 Principis
1308 1693 1364 1734 fa·

355 1755 455 1792 etam
472 1780 485 1803 ‚
514 1750 799 1804 obtentamque
826 1748 874 1790 ad
905 1750 980 1791 hoc
1005 1752 1028 1793 a
1058 1752 1145 1800 Te,
1172 1749 1239 1793 seu
1267 1761 1362 1793 tunc

350 1809 543 1852 existente
558 1806 868 1862 Archiepiscopo
880 1805 1097 1850 Mess‘anen.
1125 1808 1332 1853 licentiam
1349 1838 1364 1861 ,

350 1881 508 1910 necnon
536 1864 765 1909 consensum
799 1876 881 1907 tum
908 1867 1266 1922 Archipresbyteri
1301 1870 1364 1911 su-

354 1925 522 1981 pradicti
548 1924 626 1966 loci
647 1923 906 1972 Caltabiani,
937 1923 1007 1967 sub
1032 1925 1142 1982 cujus
1168 1928 1361 1970 Parochia

352 1984 556 2040 praedie‘tus
571 1983 679 2024 locus
694 1982 953 2026 Pedemontis
971 1984 1102 2026 existit
1118 2013 1131 2036 ,
1162 1995 1246 2027 tum
1261 1987 1365 2028 Cle·

350 2044 384 2085 ri
401 2042 648 2098 reliquorum
663 2041 1086 2098 locorum‚hujusmodi
1106 2042 1264 2086 fabricae
1282 2047 1363 2087 Ec-

350 2100 477 2142 cleliae
491 2129 503 2150 ‚
534 2102 572 2141 &
585 2098 820 2142 Conventus
835 2102 1111 2156 praedic‘torum
1126 2131 1139 2154 ,
1165 2117 1211 2144 ac
1229 2104 1360 2146 Sacri·

351 2159 428 2201 stiae
444 2160 483 2200 &
495 2158 754 2200 Officinarum
779 2174 915 2202 manus
932 2161 1143 2203 admoveri
1158 2160 1329 2204 curasset
1343 2190 1358 2213 ,

349 2216 456 2260 idem
471 2216 741 2259 Ferdinandus
763 2220 987 2261 Franciscus
1005 2220 1195 2275 Princeps
1210 2218 1361 2263 fabrica

347 2274 530 2332 praedicta
557 2274 723 2318 subinde
740 2304 753 2328 ‚
783 2277 961 2333 impensa
989 2277 1055 2320 sex
1073 2280 1244 2322 millium
1274 2280 1361 2322 scu·

350 2344 482 2377 torum
505 2333 671 2375 circiter
689 2346 852 2377 monetae
873 2335 1082 2389 absoluta,
1096 2347 1217 2394 atque
1240 2339 1361 2381 sacris

348 2391 687 2448 suppellectilibus
701 2406 746 2434 ac
761 2393 993 2437 utensilibus
1011 2423 1025 2446 ,
1055 2395 1220 2452 aliisque
1238 2399 1359 2439 rebus

348 2447 572 2495 necessariis
585 2449 769 2495 instruslzi
783 2480 796 2503 ,
831 2453 948 2507 petiit
964 2454 1015 2495 ab
1041 2455 1112 2497 hac
1128 2459 1168 2498 S.
1184 2456 1292 2498 Sede
1306 2455 1358 2498 fa.

348 2509 540 2551 cultatem
556 2509 801 2552 deveniendi
816 2511 866 2552 ad
880 2513 1124 2554 ereetionem
1138 2513 1234 2556 dicti
1250 2518 1360 2557 Con-

347 2565 490 2609 ventus
504 2596 519 2617 ,
552 2581 598 2608 ac
621 2570 658 2609 in
675 2567 789 2609 illum
803 2568 1085 2612 introducendi
1101 2574 1263 2615 Fratres
1281 2575 1360 2615 Or-

348 2624 451 2666 dinis
468 2624 637 2678 praedicti
652 2653 668 2674 ,
693 2625 833 2680 quibus
845 2653 860 2677 ,
875 2625 897 2666 fi
910 2640 960 2666 ex
975 2629 1111 2682 questu
1135 2629 1358 2686 eleemosy-

348 2695 488 2723 narum
513 2680 552 2722 se
566 2681 702 2730 alere,
736 2681 1357 2739 Ecclefiamque&Conventum

347 2737 573 2793 hujusmodi
599 2748 864 2782 manutenere
886 2743 1129 2796 nequirent,
1154 2747 1234 2800 ipse
1261 2749 1359 2788 Fer-

349 2795 548 2839 dinandus
564 2796 789 2839 Franciscus
807 2799 996 2855 Princeps
1010 2830 1024 2852 ,
1048 2817 1093 2844 ac
1115 2802 1250 2846 dilet‘ti
1267 2806 1357 2848 Filii

349 2853 628 2902 Univerfitas,
658 2856 695 2895 δι
711 2857 907 2898 Homines
930 2860 1103 2912 praedic‘ti
1132 2861 1358 2906 lociaePede-

349 2912 499 2954 montis
512 2911 579 2953 die
599 2913 759 2968 14.Julii
779 2927 902 2969 1730.
928 2916 1008 2959 sese
1024 2919 1254 2975 obligarunt
1269 2924 1358 2964 sub—

351 2970 571 3013 ministrare
595 2997 609 3021 ‚
639 2985 685 3012 ac
711 2971 894 3027 supplere
913 3003 929 3024 ,
961 2976 1068 3030 quod
1093 2979 1150 3019 eis
1178 2980 1328 3023 deeffet
1346 3011 1357 3023 .

351 3027 521 3079 Verum,
539 3031 632 3084 quia
655 3031 769 3071 varia:
785 3030 953 3075 subinde
968 3033 1244 3087 difficultates,
1260 3054 1358 3094 prae-

347 3086 463 3140 cipue
487 3100 559 3140 per
589 3088 901 3132 Univerfitatem
919 3120 934 3143 ,
962 3093 1209 3139 &Homines
1238 3099 1357 3141 vicini

348 3144 524 3197 Oppidi,
549 3145 719 3188 Civitat.
746 3160 962 3203 nuncupat.
988 3151 1032 3191 de
1048 3154 1200 3207 Lingua
1221 3158 1360 3214 Grffl

346 3200 536 3256 'adversus
561 3205 803 3246 erectionem
831 3207 926 3249 dieti
953 3209 1192 3254 Conventus
1216 3241 1233 3263 ,
1262 3229 1356 3269 quas

351 3270 485 3321 coram
519 3259 766 3318 infrascripta
801 3267 1132 3322 Congregatione
1158 3271 1355 3315 Cardina-

354 3312 452 3354 lium
480 3315 678 3360 discutere
702 3324 908 3376 oportuit,
945 3326 1129 3369 excitatae
1155 3326 1321 3376 fuerunt
1338 3359 1352 3383 ,

1141 231 1685 321 Provincia

1434 359 1520 390 tum
1535 363 1625 391 cum
1643 343 1820 389 Domino
1835 343 2032 400 possumus
2047 373 2061 397 ,
2089 343 2368 392 favorabiliter
2383 362 2454 391 an-

1432 421 1560 450 nuere
1582 405 1768 448 volentes
1783 433 1799 454 ‚
1828 418 2001 456 eumque
2025 407 2049 448 a
2073 404 2271 460 quibusvis
2287 421 2454 449 excom-

1435 464 1713 506 municationis
1724 489 1738 511 ,
1752 460 2028 517 suspenfionis,
2045 464 2083 504 δι
2101 463 2301 506 ἰηῑετάἰᾶι
2316 495 2331 517 ,
2345 465 2449 506 aliis:

1432 536 1510 578 que
1528 519 1812 563 Ecclefiasticis
1827 519 2227 570 sententiis,censuris
2241 525 2280 565 δι
2296 524 2452 579 ροεοίε,

1434 583 1457 624 ὲ
1474 579 1560 634 jure
1587 577 1652 619 vel
1683 578 1735 620 ab
1761 580 1926 621 homine
1949 583 2087 635 quavis
2113 583 2353 624 auctoritate
2383 582 2452 624 vel

1434 636 1548 679 causa
1566 637 1657 680 latis
1669 662 1684 685 ,
1711 637 1735 677 n
1751 638 1893 693 quibus
1907 638 2216 694 quomodolibet
2234 639 2450 683 innodatus

1434 696 1589 746 existit,
1609 694 1658 736 ad
1683 694 1866 738 effectum
1893 697 2141 751 praesentium
2159 697 2330 742 duntaxt
2355 712 2453 740 con-

1431 753 1680 810 sequendum
1695 755 1859 804 ,harum
1884 755 1985 798 serie
1999 756 2256 798 absolventes
2270 786 2286 807 ,
2317 758 2357 797 &
2384 757 2453 798 ab-

1436 813 1611 854 solutum
1627 809 1714 855 fore
1731 814 1938 857 censentes
1956 841 1970 864 ,
2002 814 2224 870 hujusmodi
2250 814 2452 871 supplica—

1437 871 1615 913 tionibus
1641 870 1848 923 inclinati,
1871 873 1921 917 de
1937 873 2249 918 Venerabilium
2269 876 2453 916 Fratrum

1439 929 1664 971 nostrorum
1697 932 1737 972 S.
1755 932 1871 972 ΚΕ.
1897 931 2177 974 Cardlnalium
2209 933 2383 988 negotiis
2410 933 2452 972 &

1435 986 1811 1031 Consultationibus
1826 988 2115 1044 Episcoporum
2133 993 2171 1032 &
2187 991 2451 1046 Regularium

1437 1045 1736 1102 praepofitorum
1762 1075 1777 1099 ,
1814 1048 1881 1103 qui
1915 1048 2157 1090 relationem
2190 1060 2301 1091 tuam
2335 1050 2371 1090 su
2405 1061 2452 1090 er

1433 1103 1632 1161 praemiffis
1662 1106 1713 1148 ad
1743 1105 2164 1149 eosdemCardinales
2191 1107 2353 1149 transmi
2387 1120 2451 1147 am

1432 1161 1724 1214 attenderunt,
1755 1165 1947 1215 consilio,
1974 1165 2235 1208 Fraternitati
2252 1168 2346 1208 Tuae
2372 1177 2449 1219 per

1431 1221 1643 1278 praesentes
1659 1223 1948 1266 committimus
1974 1225 2011 1265 &
2028 1223 2283 1274 mandamus,
2316 1234 2360 1266 ut
2377 1235 2451 1264 ve-

1433 1281 1485 1322 ris
1509 1280 1770 1323 existentibus
1793 1284 1962 1325 narratis
1979 1311 1992 1333 ,
2022 1284 2089 1333 δι,
2120 1283 2323 1338 postquam
2353 1279 2447 1322 Tibi

1432 1338 1657 1381 constiterit
1671 1365 1685 1387 ,
1703 1337 1892 1383 fabricam
1907 1340 2083 1397 praedicti
2097 1339 2335 1383 Conventus
2352 1353 2448 1381 cum

1432 1397 1611 1439 Ecclefia
1626 1425 1641 1447 ,
1666 1399 1909 1454 campanili,
1932 1401 2084 1453 cho-ro,
2112 1398 2281 1442 sacristia
2297 1430 2313 1451 ‚
2337 1396 2447 1440 refe-

1430 1456 1582 1506 έὶοτίο,
1609 1455 1882 1506 dormitorio,
1909 1459 2062 1508 hortis,
2089 1459 2128 1498 δε
2149 1455 2280 1512 spatiis
2309 1455 2444 1501 effe,

1429 1513 1617 1556 omnibus
1635 1517 1814 1557 numeris
1830 1514 2052 1558 absolutam
2067 1544 2082 1567 ,
2111 1518 2150 1557 &
2177 1514 2447 1572 suppellectili

1430 1581 1511 1615 tam
1539 1570 1674 1623 sacra,
1700 1575 1818 1630 quam
1842 1573 2004 1630 profana
2029 1571 2273 1616 sufficienter
2299 1573 2442 1616 instru-

1427 1635 1557 1683 Ctam,
1587 1645 1633 1673 ac
1655 1627 1922 1688 eleemosynis
1949 1633 2108 1688 piorum
2136 1633 2444 1676 Benefastorum

1424 1690 1523 1732 inibi
1556 1689 1774 1733 duodecim
1803 1690 2029 1746 Religiosos
2059 1690 2264 1733 sustentari
2297 1689 2403 1748 poffe
2429 1715 2447 1739 2

1425 1746 1579 1792 sublata
1604 1758 1739 1792 tamen
1765 1749 2015 1805 obligatione
2042 1749 2110 1792 die
2130 1749 2297 1805 14.Julii
2321 1760 2445 1804 1730.

1423 1808 1472 1849 ab
1502 1809 1588 1864 ipfis
1613 1808 1870 1852 Ferdinando
1896 1807 2112 1852 Francisco
2143 1809 2361 1863 Principe,
2391 1821 2440 1849 ac

1425 1867 1725 1917 universitate,
1760 1867 2038 1909 &Homnibus
2070 1867 2149 1908 loci
2177 1867 2443 1909 Pedemontis

1423 1925 1558 1980 quoad
1575 1926 1866 1979 praestationem
1881 1924 2148 1982 supplementi
2163 1923 2440 1978 eleemosyna.

1422 1997 1539 2034 rum,
1569 1985 1669 2026 ficut
1683 1984 1967 2040 praemittitur,
1995 1982 2138 2025 emissa
2154 2011 2168 2035 ,
2197 1982 2245 2026 ad
2269 1984 2441 2038 petitam

1420 2043 1666 2085 creationem
1683 2071 1696 2094 ,
1708 2043 1748 2084 δι
1763 2041 2063 2098 Religiosorum
2080 2041 2441 2092 introduc‘tionem,

1421 2101 1678 2144 Aueloritate
1692 2101 1822 2143 nostra
1838 2101 2070 2156 Apostolica
2090 2114 2163 2157 pro
2190 2111 2259 2143 tuo
2272 2099 2442 2143 arbitrio

1419 2162 1459 2201 δι
1475 2157 1714 2204 conscientia
1735 2160 1931 2215 procedas
1945 2189 1958 2213 ,
1990 2160 2049 2205 ita
2063 2170 2200 2202 tamen
2214 2187 2228 2211 ,
2260 2169 2305 2202 ut
2319 2159 2357 2200 in
2371 2171 2442 2199 re-

1421 2219 1537 2275 liquis
1559 2233 1607 2261 ea
1636 2221 1767 2262 omnia
1795 2247 1810 2270 ,
1848 2233 1932 2274 quae
1959 2232 2033 2274 per
2066 2219 2193 2260 sacros
2223 2221 2443 2268 Canones,

1423 2277 1655 2320 Concilium
1670 2277 1960 2320 Tridentinum
1974 2305 1989 2328 ,
2015 2277 2267 2332 Apostolicas
2289 2277 2328 2316 &
2341 2275 2440 2317 dieti

1420 2335 1586 2379 Ordinis
1604 2336 1926 2378 Constitutiones
1947 2336 2055 2378 circa
2072 2334 2294 2392 hujusmodi
2308 2347 2442 2378 novo-

1421 2410 1508 2437 rum
1521 2397 1815 2438 Conventuum
1826 2394 2087 2450 Regularium
2102 2394 2326 2436 erectiones
2341 2405 2440 2449 prae-

1419 2454 1567 2508 scripta
1594 2452 1710 2504 sunt,
1741 2452 1934 2508 religiosa
1966 2452 2204 2495 serventur.
2241 2455 2337 2495 Non
2365 2451 2442 2493 ob-

1421 2512 1609 2554 stantibus
1638 2512 1836 2567 praemiffis
1859 2540 1873 2563 ,
1906 2525 1952 2553 ac
1977 2510 2370 2561 constitutionibus,
2399 2510 2441 2551 δε

1419 2570 1755 2613 Ordinationibus
1786 2570 2057 2626 Apostolicis,
2088 2583 2246 2611 necnon
2275 2566 2440 2624 quibus-

1420 2630 1509 2679 vis,
1534 2629 1656 2670 etiam
1685 2628 1913 2684 juramento
1929 2658 1944 2679 ,
1976 2626 2297 2672 Confirmatione
2326 2629 2440 2683 Apo-¹

1420 2687 1588 2738 stolica,
1621 2687 1686 2730 vel
1714 2689 1851 2745 quavis
1877 2687 2070 2729 firmitate
2098 2687 2176 2729 alia
2203 2686 2405 2730 roboratis
2424 2714 2441 2738 ,

1419 2746 1573 2788 statutis
1588 2772 1602 2795 ,
1627 2748 1666 2788 &
1683 2747 2037 2789 consuetudinibus
2059 2775 2072 2797 ,
2099 2745 2322 2801 privilegiis
2339 2758 2443 2801 quo-

1419 2819 1498 2861 que
1513 2835 1528 2856 ,
1547 2804 1714 2847 indultis
1727 2835 1742 2856 ,
1755 2807 1792 2847 &
1811 2805 1942 2848 literis
1958 2805 2197 2861 Apostolicis
2216 2805 2255 2846 in
2276 2813 2440 2846 contra-

1418 2865 1523 2905 rium
1555 2864 1832 2919 praemifforum
1859 2863 2172 2921 quomodolibet
2216 2861 2405 2905 concesfis
2424 2887 2439 2910 ,

1418 2921 1665 2965 confirmatis
1681 2950 1695 2973 ,
1725 2924 1983 2966 &innovatis
1997 2951 2011 2973 ,
2039 2923 2182 2978 quibus
2199 2921 2385 2964 omnibus
2400 2920 2439 2963 δε

1418 2980 1579 3037 lingulis
1592 3007 1607 3028 a
1631 2981 1794 3025 illorum
1812 2992 1975 3023 tenores
1991 2980 2246 3035 praesentibus
2260 2992 2334 3033 pro
2346 2977 2440 3034 ple-

1420 3039 1471 3081 ne
1486 3041 1524 3080 ὃς
1538 3039 1781 3082 sufficienter
1793 3040 1998 3096 expressis,
2011 3053 2056 3081 ac
2070 3038 2123 3079 de
2138 3037 2267 3079 verbo
2280 3036 2329 3079 ad
2348 3050 2439 3079 ver-

1418 3097 1516 3139 bum
1533 3098 1688 3140 insertis
1708 3098 1903 3140 habentes
1920 3126 1934 3149 ,
1962 3096 2041 3140 illis
2059 3095 2156 3138 aliis
2170 3097 2208 3137 in
2230 3096 2297 3137 suo
2310 3096 2438 3137 robo-

1419 3170 1463 3198 re
1479 3154 1742 3211 permansuris
1753 3184 1766 3207 ,
1779 3156 1827 3198 ad
1845 3154 2128 3211 praemifforum
2143 3155 2345 3206 effectum,
2360 3152 2435 3197 hac

1418 3215 1508 3256 vice
1532 3213 1729 3257 duntaxat
1757 3215 1986 3269 specialiter
2009 3216 2046 3256 δι
2061 3215 2247 3268 expresse
2261 3213 2437 3268 deroga·

1414 3286 1501 3315 mus
1514 3302 1531 3323 ,
1556 3273 1798 3329 coeterisque
1819 3275 2028 3318 contrariis
2043 3274 2357 3329 quibuscumque
2371 3300 2383 3312 .

1472 3329 1788 3374 Datum'Romae
1814 3333 1918 3388 apud
1946 3336 1987 3376 S.
2011 3333 2180 3375 Mariam
2195 3329 2434 3386 Majorem...

352 3368 479 3467 ἔθυε
511 3373 781 3442 Perdinandus
807 3381 1037 3427 franciscus
1062 3385 1253 3443 Princeps
1279 3390 1352 3432 ha·
1411 3388 1482 3430 sub
1494 3390 1661 3431 Annulo
1682 3388 1895 3434 Piscator-is
1911 3392 1977 3434 die
1997 3391 2155 3448 1.Junii
2180 3401 2430 3433 mcccxxxv.

394 3440 490 3468 enus
508 3440 587 3469 voti
605 3430 656 3472 Γυι
673 3448 829 3491 compos
850 3438 934 3483 fieri
950 3471 966 3492 ‚
989 3456 1157 3499 remque
1182 3448 1232 3488 ad
1257 3448 1352 3491 effe-
1409 3447 1668 3491 Pontificatus
1685 3451 1819 3492 Nostri
1835 3452 1956 3494 Anno
1973 3449 2144 3506 quinto.

354 3486 460 3549 &um
483 3485 632 3549 ducere
657 3502 731 3554 non
756 3498 912 3547 potuit,
943 3501 1070 3543 Nobis
1097 3514 1345 3559 propterea...

353 3541 560 3610 humiliter
574 3544 777 3609 supplicari
795 3550 888 3597 fecit
905 3585 919 3607 ,
944 3570 988 3600 ut
1011 3559 1048 3599 in
1065 3563 1258 3613 praemiffis
1273 3579 1345 3620 op-

356 3609 528 3666 portune
547 3603 755 3652 providere
772 3634 785 3655 ,
797 3610 911 3661 &,ut
932 3614 1048 3667 infra,
1064 3618 1276 3675 indulgere
1292 3624 1344 3668 de

352 3656 599 3723 benignitate
614 3660 835 3714 apostolica
849 3668 1103 3722 dignaremur
1118 3705 1130 3717 ·

410 3717 495 3779 Nos
527 3725 646 3781 igitur
673 3716 861 3783 laudabili
891 3727 1068 3781 ejusdem
1099 3736 1345 3781 Ferdinandi

350 3770 547 3815 Franctsct
563 3774 755 3831 Principis
777 3779 971 3829 defiderio
991 3790 1061 3833 hac
1077 3792 1117 3835 in
1130 3808 1177 3837 re
1190 3820 1205 3843 2
1219 3810 1343 3851 quau·-

1760 3569 1805 3609 F.
1820 3567 1948 3611 Card.
1962 3565 2167 3609 Oliverius
2182 3593 2195 3606 .

1463 3684 1586 3726 Breve
1587 3681 1816 3741 formatum
1829 3686 1873 3726 in
1888 3683 2058 3727 Archivo
2078 3683 2316 3728 Provincia

2233 3860 2372 3903 PRO·
