2618 4108
807 259 1206 349 Provincia
1237 264 1307 351 C
1298 264 1698 355 alaritana
1717 334 1735 354 .

471 377 508 417 -Ε
540 375 572 417 P
602 376 623 418 1
654 377 680 419 S
713 375 750 418 T
779 378 818 419 Ο
848 380 882 420 L
909 377 973 419 Α.

365 491 412 541 S.
439 492 638 562 Congreg.
664 491 798 558 Epifc.
833 498 887 542 ἐξ
914 492 1072 562 Regul-

217 609 543 663 Executionem
574 614 872 660 Decretorum
900 645 916 668 ,
952 611 978 658 ὲ
1007 609 1222 663 Vifitato-

218 696 221 700 '
283 682 405 732 ribus
440 678 714 749 Apostolicis
749 695 1058 729 emanatorum
1086 715 1102 738 ,
1139 686 1221 731 Su-

280 750 532 821 perioribus
560 747 751 798 Ordinis
777 750 1123 810 seuvProvinciae
1156 768 1219 798 re-

283 822 455 888 linqui,
485 816 767 885 *Archiep-isc.
805 821 1067 870 Calaritano
1100 836 1221 870 com-

285 890 519 940 mittitur.

339 1014 489 1060 Ecursu
505 1016 557 1059 ad
574 1012 854 1068 Sane'iisfimum
880 1015 981 1059 ficto
996 1046 1012 1068 ,
1043 1020 1123 1060 ΡΡ.
1144 1019 1225 1059 Ca-

365 1075 495 1131 pucini
515 1072 783 1129 supplicarunt
800 1103 815 1125 ,
846 1084 892 1118 ut·
920 1075 1152 1116 Mandatum
1176 1076 1224 1116 ab

218 1134 494 1190 Amplitudine
509 1134 594 1174 Tua
613 1133 718 1173 circa
741 1133 1021 1174 executionem
1047 1131 1219 1173 nonnul-

216 1192 349 1234 lorum
365 1194 660 1239 Decretorum,
691 1190 830 1243 elapfis
854 1189 963 1231 annis
983 1191 1004 1230 a
1031 1187 1218 1231 imitato..

215 1249 329 1292 ribus
348 1246 584 1303 Apostolicis
600 1245 770 1288 adillam
789 1244 960 1297 Insulom
985 1251 1008 1289 a
1022 1248 1216 1289 Clemen-

213 1316 260 1350 te
273 1307 389 1348 viu.
404 1302 514 1346 miffis
534 1313 805 1346 emanatorum
831 1315 1121 1355 revocaretur,
1149 1319 1216 1359 pa-

210 1365 396 1419 riter-que
413 1359 635 1405 institerunt
662 1387 678 1410 ‚
706 1373 750 1403 ut
777 1362 967 1416 deinceps
993 1361 1215 1418 hujusmodi

214 1421 406 1465 Mandata
430 1417 480 1460 ad
506 1418 687 1462 tollenda
711 1418 862 1462 diffidia
879 1449 895 1470 ,
925 1434 1009 1475 quae
1025 1449 1039 1471 ,
1070 1422 1138 1463 ubi
1163 1421 1219 1463 lo-

213 1491 358 1524 corum
386 1475 620 1527 ordinarii,
651 1477 714 1519 seu
737 1478 804 1519 alii
825 1479 988 1532 judices
1003 1490 1117 1521 extra
1134 1480 1218 1521 Re-

211 1537 404 1592 ligionem
431 1532 470 1577 se
488 1536 677 1589 ingerunt
692 1562 706 1585 ‚
738 1531 956 1579 neceffario
979 1538 1214 1591 sequuntur,

209 1596 265 1639 ab
286 1606 427 1647 eorum
448 1593 730 1647 Superioribus
758 1596 986 1636 executioni
1009 1595 1096 1638 dari
1125 1609 1215 1650 per·

211 1655 474 1696 mitteretur.
506 1652 699 1706 Cumque
716 1653 867 1706 petitio
891 1652 974 1694 ‘haec
1005 1653 1214 1695 Sanstitati

209 1707 286 1756 suae
300 1710 379 1752 vila
394 1707 514 1751 fuerit
530 1709 684 1750 rationi
703 1708 871 1752 consona
883 1739 899 1761 ,
934 1712 1104 1764 Amplit.
1122 1713 1213 1753 Tuae

211 1770 244 1811 i·
261 1781 326 1810 me
342 1765 456 1808 scribi
471 1765 572 1823 juffit
588 1796 604 1817 ‚
637 1776 680 1809 ut
709 1781 951 1824 praeceptum
974 1771 1014 1810 &
1030 1769 1213 1811 ordinem

211 1825 386 1880 desuper
407 1822 550 1867 sactum
578 1837 752 1868 revocet.
775 1854 790 1876 ,
818 1829 858 1868 δι
887 1840 985 1868 onus
1013 1826 1214 1883 hujusmo-

210 1884 254 1927 di
288 1882 569 1937 Superioribus
607 1883 828 1937 Religionis
863 1885 1053 1937 deinceps
1090 1885 1212 1926 relin-

206 1951 335 1998 quat,
364 1940 458 1994 quin
473 1968 486 1990 ,
506 1939 582 1981 alia
602 1938 860 1995 dispolitione
875 1943 1006 1983 Curiae
1022 1945 1210 1985 Romanae

206 2012 288 2043 non
323 1996 630 2051 supraveniente
659 2023 674 2046 ,
703 1997 869 2040 ulterius
900 1999 937 2040 se
962 1999 1209 2042 immisceat.

208 2059 267 2100 Et
289 2057 346 2098 ita
367 2065 727 2110 exequatunnon
750 2056 957 2106 obstante,
986 2058 1093 2111 quod
1112 2058 1210 2102 de„

210 2113 418 2170 praeterito
441 2113 536 2155 alias
562 2113 754 2156 habuerit·
778 2115 1066 2159 commistiones
1081 2145 1092 2157 .
1125 2119 1213 2169 Ro,

210 2185 282 2215 mae
297 2173 364 2215 28.
376 2173 464 2226 Jan.
487 2171 607 2212 1606.
906 2191 910 2195 ·
1199 2172 1202 2175 ’

267 2284 495 2402 Exssjgesto
509 2287 648 2327 secret.
668 2291 784 2340 Cong.
798 2291 893 2330 anni
908 2290 955 2338 ἐς
969 2290 1217 2346 mcnſspraed.

350 2357 369 2384 o
387 2372 398 2384 .
421 2355 488 2387 12.

2086 297 2249 378 219

1285 381 1409 436 digno
1434 385 1730 433 commendaris
1758 384 1984 427 testimonio
2007 412 2023 436 ‚
2056 387 2140 427 Nos
2180 387 2300 440 indue

1283 449 1409 490 cunt,
1435 451 1479 482 ut
1493 443 1582 484 Tibi
1596 443 1814 485 reddamur
1839 444 1887 492 ad
1915 444 2061 497 gratias
2078 444 2293 497 liberales.

1283 501 1388 539 Cum
1411 498 1575 554 itaque,
1606 499 1705 542 ficut
1731 514 1780 542 ex
1808 501 2177 544 relationerDilech
2199 501 2290 556 filii

1282 555 1560 597 Procuratoris
1586 584 1602 606 ,
1630 559 1670 598 &
1701 556 1852 599 Vicarii
1884 559 2299 611 GenerahsOrdinis

1280 614 1463 654 Fratrum
1492 613 1696 658 Minorum
1724 617 1853 658 Sancti
1887 619 2082 658 Francilci
2109 619 2292 671 Cilpucii

1278 683 1422 715 norum
1437 682 1754 725 nuncupatorum
1770 675 1996 728 accepimus
2011 702 2037 724 „
2050 675 2147 726 alias
2161 689 2292 730 quon-v

1277 728 1369 768 dam
1397 729 1671 771 Fortunatus‘a
1687 730 1879 778 Cadoro,
1909 731 2002 771 dum
2033 732 2147 784 vixit,
2167 733 2289 774 Mini-

1277 785 1355 826 ster
1368 786 1583 827 Generalis
1609 787 1704 828 dicii
1729 787 1908 838 Ordinis,
1925 801 2093 841 propter
2107 792 2287 841 quaedam

1279 843 1446 897 negocia
1474 844 1513 884 in
1531 844 1738 886 Provincia
1753 844 1941 887 Sardiniae
1963 844 2139 899 ejusdem
2162 848 2287 898 ordi-p

1283 902 1342 941 nis
1356 911 1505 951 enata,
1538 902 1706 945 Teilluc
1733 902 1977 944 visitatorem
1993 901 2169 954 miserit3
2203 906 2287 945 Tu-

1285 972 1364 1012 que
1389 957 1528 1002 secuto
1542 961 1655 1002 obitu
1677 960 1877 1013 quondam
1906 962 2125 1013 Hyacinthi
2152 962 2172 1001 a
2199 966 2288 1014 Μεγ-

1284 1016 1474 1067 diolano,
1503 1019 1570 1072 qui
1597 1018 1633 1059 in
1661 1017 1887 1062 Ministrum
1913 1017 2204 1063 Provincialem
2230 1019 2290 1062 di,

1284 1078 1351 1115 etae
1376 1076 1597 1116 Provinciae
1615 1075 1769 1122 electus
1797 1074 1926 1117 fuerat
1947 1100 1961 1123 ‚
1992 1075 2160 1116 eandem
2190 1078 2288 1125 Pro,—

1281 1132 1449 1174 vinciam
1477 1141 1664 1188 tanquam
1683 1132 1875 1175 Vifitator
1903 1146 2140 1187 permanens
2164 1132 2285 1187 usque

1275 1191 1315 1231 in
1328 1187 1563 1245 praesentem
1577 1191 1686 1233 diem
1703 1192 1810 1233 reste
1825 1219 1837 1240 ,
1869 1192 1908 1231 δε
1934 1189 2285 1243 laudabiliter-gu-¹

1278 1247 1536 1300 bernaveris3
1569 1263 1671 1290 nunc
1699 1251 1796 1292 vero
1823 1262 1950 1292 novus·
1976 1247 2154 1290 Minister
2180 1248 2286 1289 Pro-,-

1277 1307 1415 1347 vinciae
1441 1305 1695 1361 hujusmodi,
1724 1309 1792 1361 qui
1819 1305 1868 1348 ad
1886 1306 2118 1362 Capitulum
2145 1308 2284 1347 Gene—

1277 1364 1360 1407 rale
1384 1363 1545 1405 Ordinis
1569 1362 1718 1420 praefati
1742 1364 1939 1415 accedat,
1971 1364 2015 1407 fit
2041 1364 2255 1419 eligendus
2270 1391 2283 1409 .

1278 1424 1363 1464 Nos
1391 1421 1499 1476 justis
1530 1436 1581 1464 ex
1605 1421 1725 1464 caufis
1743 1422 1867 1463 Nobis
1894 1424 1997 1464 notis
2030 1421 2167 1471 eidem
2188 1425 2284 1465 Pro·

1277 1479 1442 1529 vinciae,
1473 1479 1526 1521 de
1542 1480 1701 1524 ,idoneo
1716 1480 1896 1521 Ministro
1918 1480 2154 1533 Provinciali
2172 1508 2187 1530 ,
2215 1479 2282 1535 qui

1276 1536 1387 1581 illam
1410 1536 1631 1588 adiuvante
1662 1537 1834 1580 Domino
1862 1537 2072 1580 salubriter
2099 1537 2248 1591 dirigat
2269 1565 2284 1588 ,

1276 1596 1349 1636 hac
1366 1594 1455 1635 vice
1478 1595 1692 1648 providere
1715 1594 1898 1636 volentes
1916 1607 1939 1646 ⁷,
1971 1610 2014 1637 ac
2037 1595 2088 1636 de
2114 1593 2284 1650 spectata

1274 1663 1339 1694 tua
1366 1650 1474 1701 fide,
1504 1650 1717 1707 prudentia
1745 1678 1759 1698 ³
1791 1653 2018 1703 charitate,
2050 1653 2284 1707 vigilantia,

1272 1710 1509 1763 integritate
1522 1738 1537 1759 ,
1567 1709 1748 1751 doctrina
1761 1735 1776 1758 2
1797 1712 1836 1751 &
1852 1711 2073 1764 Religionis
2089 1710 2180 1751 zelo
2195 1710 2284 1765 plu-7

1273 1768 1469 1810 rimumin
1492 1766 1811 1817 Dominoconfifi
1826 1794 1840 1819 ‚
1875 1772 2016 1824 Teque
2036 1771 2060 1812 a
2079 1767 2281 1825 quibusvis

1273 1825 1699 1867 excommunicationis
1725 1827 1799 1867 &c.
1828 1829 1868 1868 δε
1901 1827 2122 1869 absolutum
2158 1831 2282 1870 tore)

1270 1882 1478 1930 censentes
1493 1910 1507 1933 ,
1538 1893 1650 1925 motu
1666 1885 1829 1938 proprio
1844 1913 1859 1935 ,
1889 1899 1935 1929 ac
1950 1899 2001 1927 ex
2027 1896 2134 1928 certa
2151 1885 2282 1941 scien-

1269 1941 1323 1982 tia
1351 1968 1364 1990 ,
1393 1942 1434 1980 &
1458 1941 1949 1992 maturadeliberatione
1964 1944 2133 1993 nostris,
2149 1945 2282 1998 deque

1269 1998 1503 2052 Apostolicae
1529 1999 1730 2053 potestatis
1758 1999 2013 2053 plenitudine
2044 2004 2102 2042 Te
2127 2015 2281 2042 memo-

1270 2067 1364 2099 ratae
1390 2056 1605 2099 Provinciae
1633 2056 1822 2099 Sardiniae
1856 2058 2080 2103 Ministrum
2114 2060 2281 2110 Provin7

1273 2115 1418 2156 cialem
1441 2114 1490 2156 ad
1514 2123 1669 2168 tempus
1686 2142 1700 2165 ,
1730 2129 1808 2169 quo
1834 2116 2025 2169 ejusmodi
2057 2118 2283 2160 Provincia·-

1273 2170 1377 2216 latfis
1399 2172 1576 2222 officium
1602 2173 1708 2227 juxta
1740 2173 1957 2228 Regularia
1995 2175 2089 2225 dicti
2119 2175 2282 2226 Ordinis

1275 2231 1447 2272 instituta
1473 2231 1623 2272 durare
1646 2229 1879 2282 consuevit,
1911 2246 2003 2275 curn
2029 2230 2281 2282 facultate.)

1276 2288 1506 2342 Capitulum
1534 2287 1784 2329 Provinc'iale
1810 2289 1925 2343 ipsius
1942 2291 2161 2332 Provinc'iae
2182 2305 2282 2332 con-

1279 2345 1448 2387 vocandi
1477 2373 1492 2396 ,
1533 2345 1749 2399 omnesque
1774 2345 1871 2387 alias
1900 2345 2121 2389 functiones
2144 2376 2158 2398 ,
2197 2363 2280 2402 quae

1201 2428 1204 2430 v
1271 2402 1387 2459 ⁴juxta
1401 2403 1719 2450 Constitution'es
1739 2401 1922 2455 >ejusdem
1936 2406 2282 2459 Ordinisfflpostoffi

214 2581 290 2628 Fr.
310 2578 581 2627 Michaelem
607 2578 632 2624 ὲ
658 2582 878 2628 Panormo
894 2618 909 2639 ,
946 2580 1024 2649 qui
1041 2580 1096 2628 ad
1112 2583 1218 2628 Pro-

278 2649 476 2697 vinciam
509 2644 725 2696 Vifitator
755 2645 899 2699 fuerat
930 2649 1084 2699 missus
1115 2684 1130 2706 ,
1167 2647 1214 2698 ὅ(

275 2715 373 2785 post
398 2716 574 2765 obitum
610 2720 657 2765 P.
694 2718 888 2768 Ministri
923 2719 1213 2796 Provincialis

212 2831 217 2841 ,
278 2785 465 2835 eandem
492 2803 572 2833 ceu
610 2784 823 2836 Vifitator
851 2798 1111 2854 permanens
1135 2802 1215 2855 gu-

280 2855 546 2904 bernaverat
580 2890 596 2913 ,
652 2855 913 2906 Ministrum
962 2860 1215 2908 Provincia-

279 2926 371 2973 lem
401 2959 418 2981 ,
455 2926 676 2973 Generale
716 2927 985 2994 Capitulum
1028 2924 1215 2976 accessu-

216 3016 217 3019 *
279 2991 437 3043 surum
465 2992 722 3044 constituit.

212 3132 248 3172 A
275 3138 391 3185 tergo
416 3160 428 3172 .
465 3132 611 3175 uilem
638 3132 742 3176 Filio
768 3135 956 3176 Michaeli
977 3135 1003 3175 d
1035 3137 1214 3176 Panormo

268 3190 421 3232 Ordinis
449 3194 638 3234 Fratrum
663 3195 861 3234 Menorum
890 3197 929 3234 5.
958 3190 1153 3248 Francisci

325 3250 606 3302 Capacinorum
632 3251 839 3303 nuncupat.
858 3248 1067 3308 profifflri
1086 3276 1098 3290 .

209 3355 721 3426 CLEMENS
806 3380 1073 3428 PAPA
1147 3378 1210 3426 x.

319 3502 471 3545 Ditem
486 3501 568 3546 Fili
577 3502 751 3560 salutem
771 3502 819 3550 δ’
850 3503 1099 3561 Apostolicam

544 3559 844 3605 Benediffionem
857 3589 870 3603 .

326 3675 516 3731 Eligionis
536 3679 647 3721 zelus
660 3706 674 3729 ,
705 3678 795 3721 vitae
809 3706 823 3728 ,
854 3693 900 3722 ac
916 3691 1068 3720 morum
1084 3678 1210 3720 hone-

354 3735 455 3785 staS,
475 3736 630 3792 aliaque
659 3736 870 3780 laudabilia
900 3738 1092 3779 virtutum
1122 3761 1136 3784 ,
1166 3736 1206 3775 &

205 3790 748 3895 prohilaajotgti313ierita,supcr
762 3795 906 3852 quibus
920 3796 1023 3850 apud
1041 3806 1111 3837 nos
1127 3791 1215 3850 fide„

1280 2461 1355 2502 lica
1379 2462 1615 2502 auctoritate
1648 2457 1924 2511 confirmatas,
1953 2462 2001 2502 ad
2018 2464 2276 2505 Ministrum.)

1279 2518 1574 2565 Provincialem
1609 2516 1781 2572 spectant
1807 2546 1822 2569 ,
1867 2519 2083 2575 obeundi,
2127 2523 2163 2560 Sc
2191 2536 2281 2574 per-

1276 2577 1419 2630 agendi
1445 2602 1458 2624 ,
1490 2590 1533 2617 ac
1562 2590 1652 2616 cum
1681 2575 1766 2616 aliis
1793 2578 1976 2619 omnibus
2006 2606 2020 2628 ,
2050 2580 2088 2618 &
2121 2577 2278 2633 lingulis

1277 2634 1535 2676 facultatibus
1556 2661 1573 2684 ,
1605 2635 1910 2688 praeeminentiis
1929 2666 1944 2686 ‚
1975 2637 2244 2691 praerogativis
2261 2666 2277 2687 ,

1274 2692 1519 2746 privilegiis,
1550 2692 1813 2742 auctoritate,
1844 2695 2007 2747 gratiis,
2038 2695 2077 2734 &
2097 2694 2280 2745 indultis,

1273 2763 1319 2790 ac
1337 2751 1552 2792 honoribus
1570 2776 1583 2798 ,
1612 2749 1848 2791 &oneribus
1867 2751 2017 2803 solitis,
2048 2754 2088 2792 δι
2109 2752 2279 2795 consue-'-

1277 2809 1359 2858 tis,
1385 2818 1527 2849 tenore
1557 2806 1804 2861 praesentium
1837 2823 2051 2859 creamus,
2085 2808 2279 2860 facimus,

1277 2880 1321 2907 ac
1344 2865 1617 2906 constituimus
1639 2892 1652 2915 ,
1682 2868 1720 2905 δι
1745 2865 2005 2918 deputamus.
2039 2867 2278 2909 Mandantes

1274 2933 1490 2976 propterea
1521 2923 1555 2962 in
1594 2923 1743 2963 virtute
1769 2924 1900 2965 sanetae
1925 2925 2163 2966 obedientiae
2185 2951 2199 2972 ,
2229 2939 2275 2970 ac

1202 3024 1204 3026 ,
1273 2979 1341 3021 sub
1377 2980 1654 3033 indignationis
1686 2980 1819 3021 uostrae
1859 3009 1872 3031 ,
1915 2982 2080 3037 aliisque
2117 2981 2276 3022 arbitrii

1274 3037 1391 3079 nostri
1425 3038 1579 3091 poenis,
1610 3038 1787 3079 omnibus
1820 3065 1834 3088 ,
1864 3041 1902 3079 &
1930 3039 2083 3093 lingulis
2110 3036 2274 3092 praefatae

1272 3096 1490 3138 Provinciae
1518 3095 1702 3137 Sardiniae
1728 3097 2035 3148 Superioribus,
2073 3095 2273 3138 Fratribus

1273 3154 1312 3193 δε
1338 3151 1514 3195 Personis
1529 3181 1542 3203 ,
1573 3149 1799 3206 caeterisque
1814 3180 1827 3202 ,
1857 3153 1906 3194 ad
1931 3167 2028 3207 quos
2050 3151 2214 3207 spectat,
2235 3155 2275 3202 ὃς

1271 3211 1457 3265 spectabit
1478 3215 1514 3251 in
1542 3213 1746 3258 futurum,
1778 3220 1821 3250 ut
1838 3213 1896 3252 Te
1922 3211 1968 3252 ad
1984 3210 2275 3254 demandatum

1272 3269 1365 3315 Tibi
1391 3282 1460 3321 per
1484 3267 1692 3322 praesentes
1726 3267 2036 3310 Provincialatfis
2063 3268 2270 3313 officiuim.

1270 3325 1431 3380 ejusque
1465 3325 1636 3366 liberum
1660 3325 1924 3376 exercitium,
1948 3327 2056 3368 omni
2093 3341 2200 3370 mora
2231 3330 2273 3371 δι

1272 3382 1604 3438 tergiversatione
1616 3383 1860 3438 postposuis,
1894 3384 2114 3439 recipiant,
2144 3389 2181 3427 &
2201 3386 2275 3430 ads

1270 3442 1458 3491 mittant,
1478 3443 1613 3495 Teque
1629 3439 1910 3494 recognoscant
1924 3470 1938 3492 ,
1967 3445 2004 3486 &
2022 3443 2112 3484 Tibi
2127 3444 2167 3485 in
2181 3458 2269 3485 om-

1271 3501 1383 3541 nibus
1407 3498 1580 3541 officium
1601 3496 1820 3554 hujusmodi
1834 3501 2170 3544 concernentibus
2188 3501 2268 3543 res-

1271 3556 1430 3612 peetive
1453 3567 1643 3611 pareant,
1673 3557 1711 3596 &
1736 3556 1924 3599 obediant
1948 3587 1963 3608 ,
1993 3557 2266 3615 faveantque,

1268 3618 1312 3664 δι,
1333 3615 1524 3657 assistant.
1557 3617 1616 3654 Ac
1642 3613 1912 3671 decernentes
1938 3617 2035 3670 ipsas
2059 3617 2265 3671 praesentes

1269 3674 1423 3716 litteras
1452 3672 1612 3721 firmas,
1644 3671 1822 3723 validas,
1851 3675 1888 3714 &
1917 3674 2100 3717 efficaces
2126 3675 2265 3716 existe-

1267 3747 1311 3778 re
1326 3761 1340 3782 ,
1371 3733 1407 3771 &
1430 3728 1515 3772 fore
1528 3758 1550 3781 ,.
1574 3727 1736 3784 suosque
1762 3730 1961 3785 plenarios
1976 3762 1992 3783 ,
2022 3735 2059 3774 &
2080 3733 2261 3786 integros

1266 3790 1428 3836 effecius
1450 3787 1606 3840 sortiri,
1636 3788 1871 3832 &obtinere
1887 3818 1901 3842 ,
1932 3806 1974 3834 ac
1992 3790 2083 3833 Tibi
2110 3793 2147 3829 in
2176 3802 2262 3829 om-

1645 3848 1678 3888 E
1693 3861 1717 3889 e
1748 3860 1770 3889 2
2056 3847 2167 3890 nibus
2182 3872 2197 3894 ,
