2618 4108
850 235 1740 356 Monferrate'nsts.

225 355 550 413 Maximiliano
568 354 772 415 Bavaria:
789 358 912 415 Duci
926 392 943 415 ,
970 357 1163 411 eundem
1178 360 1257 412 Fr.

290 430 620 498 Hyacinthum
649 427 708 483 ad
741 425 784 482 se
813 428 934 482 mitti
950 425 1221 483 desideranti
1236 463 1255 488 ,

289 500 580 554 Pontificiarn
597 512 795 549 mentem
819 498 846 546 a
857 499 1037 566 Joanne
1053 496 1253 565 Baptista

289 571 519 627 cribellio
541 566 899 645 patefaciendam
923 564 1005 624 esse
1029 603 1047 634 a
1082 567 1249 644 signifi,

286 657 361 697 Cat
380 677 395 698 ο

221 775 260 821 A
276 780 410 834 terget„
427 770 584 823 nezem
595 768 855 820 Filio,Nobilt'
874 765 1263 825 Vira,Ma³timiliano
1336 819 1337 822 Ἴ

567 827 679 874 Duri
703 828 911 874 Bavariae.

219 947 740 1008 PAULUS
850 949 1114 999 PAPA
1194 934 1279 1001 ν(

218 1067 379 1119 ΒίΙεὶ-ῗε
393 1066 479 1114 Fili
490 1096 508 1119 ,
533 1065 686 1109 Nobilis
722 1066 787 1109 Vir
801 1095 814 1117 ,
827 1066 1007 1123 salutem
1025 1066 1079 1120 &v
1094 1064 1255 1129 zspqstog

499 1125 616 1172 licam
638 1125 971 1173 Benedib't't'oncm·

344 1244 511 1303 Egimus
525 1243 766 1287 Nobilitatis
784 1245 880 1286 Tuae
893 1242 1078 1294 litteras,
1093 1255 1144 1285 ex
1161 1240 1254 1299 qui-

217 1249 328 1363 L
362 1306 433 1347 bus
450 1311 565 1346 tuum
591 1302 645 1344 de
663 1305 728 1344 Fr.
744 1302 978 1356 Hyacintho
1006 1299 1059 1342 de
1088 1301 1222 1344 Casali
1238 1330 1254 1355 ,

217 1364 390 1406 Ordinis
423 1360 752 1416 Capucinorum,
780 1359 1018 1405 defiderium
1045 1359 1255 1407 intellexi-

221 1435 338 1465 mus,
371 1417 607 1470 Ceterum,
634 1433 716 1476 quae
731 1419 864 1462 Nobis
890 1432 938 1461 ea
965 1420 1019 1460 de
1048 1433 1092 1460 re
1106 1434 1253 1462 occur·

215 1490 314 1523 runt
341 1507 355 1530 ,
387 1477 559 1522 diximus
593 1477 744 1521 dilecto
773 1478 877 1520 Filio
899 1477 1045 1535 Joanni
1073 1479 1254 1535 Baptistae

218 1538 457 1587 Cribellio‚
480 1538 505 1581 ὲ
531 1550 614 1594 quo
632 1537 841 1579 Nobilitas
858 1538 946 1579 Tua
976 1551 1154 1580 mentem
1176 1553 1251 1581 no-

215 1598 336 1642 stram
363 1596 543 1650 accipiet
560 1624 571 1636 .
604 1597 884 1656 Qamobrem
907 1596 968 1637 his
991 1596 1143 1641 litteris
1160 1598 1249 1640 lon-

210 1658 352 1715 giores
370 1669 448 1698 non
467 1656 618 1699 erimus
636 1684 648 1706 ,
671 1654 774 1697 illud
791 1654 906 1698 certe
929 1655 1152 1710 persuasum
1172 1657 1252 1711 jam

214 1715 375 1774 pridem
406 1713 627 1758 Nobilitati
646 1716 739 1759 Tuae
764 1711 842 1758 effe
857 1715 1103 1758 arbitramur
1119 1745 1133 1767 ,
1163 1719 1250 1759 Nos

217 1786 294 1832 pro
321 1771 507 1830 singulari
529 1801 544 1824 ,
575 1786 622 1814 ac
655 1784 853 1829 paterna,
880 1787 958 1830 qua
977 1775 1039 1816 Te
1066 1774 1252 1832 comple-

215 1831 672 1886 ctimur,benevolentia
682 1861 696 1882 ,
713 1833 793 1875 tuis
807 1833 962 1874 meritis
973 1834 1111 1877 debita
1121 1865 1136 1886 ,
1150 1848 1252 1891 quo-

217 1893 456 1948 tiescunque
470 1905 564 1933 cum
585 1893 765 1934 Domino
780 1890 1003 1946 poterimus
1017 1920 1031 1939 2
1050 1907 1251 1950 nunquam

218 1952 317 1997 Tibi
333 1948 522 2007 prompte
547 1948 766 2004 gratificari
784 1949 1111 2003 praetermiffuros
1125 1983 1139 1994 .
1166 1956 1256 1994 Do-

216 2008 547 2061 minusmileete
563 2006 657 2058 Fili,
677 2007 714 2050 in
733 2010 795 2049 Te
820 2009 884 2049 sua
900 2007 1004 2051 dona
1020 2010 1253 2053 liberaliter

217 2076 393 2124 augeat,
423 2068 462 2108 &
487 2076 606 2109 aucta
632 2065 807 2122 benigne
831 2066 1060 2122 custodiat3
1093 2072 1148 2112 Et
1162 2073 1249 2112 Nos

215 2129 366 2172 iterum
393 2124 617 2170 Nobilitati
647 2125 743 2168 Tuas
771 2126 1043 2180 Apostolicam
1073 2128 1252 2172 Benedi-

216 2189 396 2234 (tionem
424 2193 515 2226 toto
539 2198 590 2227 ex
614 2183 749 2226 animo
776 2185 1032 2238 impartimur
1047 2216 1058 2229 .

283 2248 437 2287 Datum
461 2243 597 2286 Romae
623 2245 730 2297 apud
762 2243 805 2284 S.
820 2246 1005 2286 Marcum
1023 2243 1093 2288 sub
1111 2248 1253 2291 Annu»

219 2305 265 2350 lo
290 2299 502 2346 Piscatoris
525 2301 592 2342 die
612 2314 706 2343 xxv.
722 2301 871 2357 Aprilis
886 2317 1053 2349 mncxx.
1084 2304 1256 2349 Pontifi,

222 2372 338 2409 catus
354 2360 475 2402 nostri
490 2362 609 2402 Anno
621 2358 929 2418 decimoquinto
942 2388 955 2403 ·

236 2489 240 2495 ’
267 2485 332 2529 Ex
345 2476 517 2524 Archivo
533 2481 686 2522 secreto
696 2480 892 2526 Vaticano,
906 2479 1062 2538 Regesto
1075 2483 1260 2526 Brevium

343 2539 399 2583 ad
411 2541 608 2596 Principes
633 2537 754 2597 mens
778 2538 831 2591 όν
843 2541 1079 2596 annipraed.
1090 2539 1174 2600 sol.
1189 2553 1258 2599 59.

1001 2953 1224 3017 ΝΟ

2129 268 2182 323 2

1319 359 1532 412 Eundem
1565 362 1644 409 Fr.
1661 356 1997 425 Hyacinthum
2035 355 2094 407 acl
2122 271 2363 412 trassaiida

1387 431 1646 500 Religionis
1659 430 1842 498 negotia
1854 430 2208 480 inGermaniam
2228 429 2365 482 &Hi-

1388 500 1589 575 spaniam
1606 500 1818 572 ablegat,
1835 502 2092 571 privilegiis
2109 504 2361 551 munitum.

1311 645 1350 687 A
1367 651 1514 698 tergo:
1530 640 1688 686 Dileffo
1701 640 1807 685 Filio
1818 670 1834 692 ,
1847 644 1920 685 Fr.
1941 640 2156 695 Hyacintho
2168 642 2196 684 d
2213 641 2363 700 Cass'rli,

1438 701 1598 745 Ordinis
1628 699 1712 764 EF.
1740 702 1944 742 Minorum
1976 704 2017 743 S.
2045 702 2246 762 Promisti

1508 762 1797 819 capuanorum
1827 768 2144 814 nuncupatorum
2158 789 2172 802 .

1727 812 1959 878 Proftfflri·

1320 935 1907 989 GREGORIUS
1962 937 2175 985 PAPA
2225 940 2356 990 XV·

1403 1063 1563 1114 Ditem
1594 1064 1680 1112 Fili
1707 1062 1886 1119 salutem
1913 1061 1964 1116 ἐᾷ’
1996 1063 2257 1120 Apostolicam

1384 1159 1388 1164 .
1538 1164 1540 1167 ,
1665 1120 1976 1170 Benedibi'ioncm
1988 1150 2001 1165 .

1432 1243 1583 1287 UmTe
1597 1242 1652 1285 ob
1665 1248 1782 1286 tuum
1798 1239 2027 1284 Catholicae
2040 1240 2270 1297 Religionis
2287 1253 2359 1287 ze-

1455 1301 2359 1358 lum,prudentiam2dexteritatem,&Rerum

1315 1361 1657 1405 Germanicarum
1671 1361 1972 1416 experientiam
1993 1373 2070 1416 pro
2085 1361 2273 1416 gravibus
2290 1390 2303 1412 ,
2318 1364 2360 1403 &

1315 1418 1527 1465 servitium
1543 1419 1729 1477 ejusdem
1747 1419 1982 1475 Religionis
2012 1421 2357 1462 concernentibus

1313 1480 1492 1536 negotiis
1507 1478 1794 1534 petrauandis
1818 1479 1858 1520 in
1873 1480 2135 1522 Germaniam
2151 1479 2359 1523 mittendfi

1315 1539 1657 1589 decreverimus,
1682 1551 1728 1580 ac
1756 1552 1833 1594 pro
1859 1537 1907 1580 iis
1934 1538 2128 1580 &aliisin
2145 1538 2357 1593 Hispanias

1313 1611 1360 1643 ac
1398 1597 1496 1639 alias
1525 1598 1738 1652 Regiones
1761 1609 1870 1644 nunc
1905 1596 2026 1638 etiam
2061 1598 2125 1639 Te
2153 1596 2358 1653 proficisci

1314 1665 1508 1713 oporteat
1522 1684 1537 1708 ,
1562 1657 1604 1699 ἃ.
1630 1659 1717 1698 Nos
1735 1657 1799 1698 Te
1818 1652 1866 1696 ea
1883 1682 1898 1706 ,
1924 1669 2047 1710 quam
2071 1665 2260 1710 optamus
2276 1685 2290 1707 ,
2314 1658 2356 1698 ὃς

1314 1715 1482 1771 expedit
1495 1744 1511 1765 ,
1524 1714 1764 1765 celeritate,
1781 1714 1834 1755 ob
1848 1710 1996 1756 infirmi
2013 1717 2201 1770 corporis
2218 1716 2277 1757 tui
2295 1717 2356 1759 vi-

1314 1788 1379 1818 res
1408 1775 1576 1831 pedibus
1609 1771 1810 1829 proficisci
1836 1786 1918 1814 non
1956 1771 2063 1828 poffe
2090 1775 2350 1829 perspectum

1314 1835 1558 1884 habeamus,
1583 1843 1697 1875 motu
1718 1833 1970 1887 proprio,&
2004 1846 2085 1874 non
2116 1835 2169 1875 ob
2196 1845 2309 1876 tuam
2337 1863 2354 1886 ,

1316 1893 1384 1937 vel
1413 1893 1577 1937 alterius
1606 1906 1681 1947 pro
1711 1894 1773 1934 Te
1798 1891 1930 1934 Nobis
1960 1888 2080 1948 super
2110 1892 2187 1934 hoc
2209 1893 2357 1935 oblatae

1315 1952 1523 2008 petitionis
1553 1951 1818 2003 instantiam,
1848 1949 1917 1992 sed
1937 1963 1989 1992 ex
2015 1960 2129 1996 certa
2156 1952 2353 2005 scientia,

1314 2013 1355 2058 &
1380 2025 1490 2056 mera
1505 2010 1806 2052 deliberatione
1820 2008 1961 2051 nostris
1975 2037 1990 2060 ,
2006 2010 2100 2051 Tibi
2125 2010 2165 2051 in
2198 2012 2355 2056 virtute

1316 2069 1634 2113 S-Obedientiae
1658 2082 1735 2124 per
1771 2067 1986 2122 praeseutes
2013 2070 2308 2113 committimus
2333 2100 2350 2123 ‚

1313 2128 1601 2176 &mandamus
1617 2157 1631 2180 ,
1660 2136 1704 2169 ut
1724 2141 1861 2183 equo,
1891 2140 1939 2170 ac
1963 2128 2071 2169 omni
2098 2128 2179 2170 alio
2206 2130 2356 2174 melio-¹

1313 2202 1362 2232 re
1379 2187 1472 2230 Tibi
1498 2187 1667 2244 poffibili
1692 2186 1818 2230 modo
1839 2188 1917 2231 una
1949 2200 2042 2233 cum
2066 2186 2114 2228 iis
2147 2186 2257 2232 sociis
2290 2188 2349 2232 tui

1315 2246 1511 2295 Ordinis,
1538 2246 1605 2303 qui
1633 2245 1729 2288 Tibi
1757 2245 1782 2287 ἓ·
1808 2259 1854 2288 re
1886 2244 2165 2296 videbuntur,
2199 2249 2354 2305 ubique

1314 2307 1502 2349 locorum
1524 2307 1577 2348 ad
1591 2315 1704 2348 tuam
1727 2303 1972 2348 electionem
1994 2305 2258 2360 accipiendis,
2272 2309 2353 2351 iter

1315 2362 1543 2419 hujusmodi
1559 2363 1683 2406 facias
1694 2391 1710 2414 ,
1742 2376 1822 2405 non
1837 2363 2086 2406 obstantibus
2100 2365 2350 2419 quibuscun-

1317 2436 1427 2480 que.
1459 2424 1615 2465 Datum
1645 2424 1785 2464 Romae
1817 2421 1927 2479 apud
1951 2427 1997 2468 S.
2014 2423 2185 2465 Mariam
2215 2425 2350 2480 Majo-

1319 2496 1407 2526 rem
1433 2479 1507 2524 sub
1537 2479 1706 2524 Annulo
1729 2478 1940 2523 Piscatoris
1966 2481 2036 2522 die
2050 2495 2201 2524 xx111.
2219 2485 2348 2536 Οὲὶοή

1319 2541 1403 2590 bris
1416 2552 1606 2591 Mpcxxz·
1622 2535 1888 2585 Pontificattis
1901 2538 2024 2582 nostri
2035 2542 2154 2583 Anno
2166 2540 2320 2596 primo.

1740 2659 1781 2704 S.
1803 2655 1932 2700 Card·
1962 2660 2004 2700 S.
2019 2656 2239 2713 Susannae,

1377 2783 1441 2824 Ex
1462 2777 1635 2820 Archivo
1657 2780 1801 2819 secret.
1825 2777 2013 2819 Brchnm
2040 2777 2347 2836 Apostolicorum

1433 2836 1590 2897 chcsto
1612 2838 1735 2896 menſs
1749 2836 1797 2885 θ’
1820 2836 1916 2879 anni
1931 2835 2116 2891 pradiel.

1316 2953 1563 3023 TA.

307 3104 321 3140 1
349 3103 482 3141 Domni
507 3101 686 3141 Gabrielis
708 3101 875 3140 Hestoris
898 3102 1038 3148 Natta,
1062 3103 1217 3141 Comitis
1240 3103 1283 3140 ab
1298 3102 1466 3148 Alfium,
1487 3106 1524 3143 δε
1548 3105 1612 3143 suae
1625 3102 1800 3151 conjugis
1827 3102 2006 3140 Polixenae
2026 3104 2048 3139 a.
2071 3101 2276 3147 Biandrate3
2301 3115 2350 3142 ex

318 3151 521 3192 Comitibus
545 3153 566 3199 s
577 3164 671 3190 nunc
688 3151 981 3198 Marchionibus)
1006 3153 1230 3198 S.Georgii,
1255 3152 1366 3198 gloria
1389 3152 1478 3198 fuit,
1502 3157 1688 3201 praeclaros
1712 3151 1897 3189 numerasse
1925 3152 2074 3188 Natales
2093 3176 2106 3195 2
2138 3153 2220 3188 dum
2244 3154 2303 3190 ille
2329 3155 2350 3190 ὃ

232 3199 400 3246 Regibus
427 3201 596 3237 Romanis
618 3201 653 3237 δι
681 3199 821 3238 Sabinis
834 3224 846 3242 ,
867 3201 940 3237 haee
961 3202 1049 3238 vero
1076 3202 1097 3237 a
1119 3202 1272 3238 Poloniae
1287 3201 1463 3245 Regibus,
1491 3204 1527 3241 &
1544 3213 1674 3247 magnae
1688 3200 1875 3237 Lithuaniae
1892 3201 2049 3237 Ducibus
2069 3201 2266 3245 sanguinem
2281 3213 2352 3241 tra.

234 3259 364 3285 xerunt
377 3271 390 3292 ‚
414 3249 478 3285 fuit
495 3250 529 3285 &
544 3260 612 3285 non
621 3250 731 3285 minor
746 3249 921 3298 utriusque
936 3249 1083 3287 felicitas
1093 3274 1107 3294 ,
1131 3251 1215 3286 dum
1231 3252 1287 3286 fr.
1304 3250 1536 3298 Hyacinthum
1550 3249 1783 3297 supradictum
1808 3249 2000 3286 habuerunt
2016 3263 2031 3285 z
2043 3262 2073 3286 1.
2084 3249 2157 3308 Jan.
2176 3261 2277 3299 1575.
2298 3251 2351 3290 sui

233 3296 417 3335 Connubii
441 3296 570 3344 pignus
581 3320 596 3345 ,
619 3298 827 3346 unicumque
848 3298 898 3334 sui
911 3300 1038 3336 amoris
1052 3310 1188 3347 partum
1205 3322 1216 3334 .
1243 3298 1402 3335 friderici
1415 3312 1540 3336 nomen
1557 3300 1597 3336 Ei
1609 3299 1646 3334 in
1665 3303 1765 3342 Aqua
1781 3298 2072 3342 Regenerationis
2087 3299 2320 3347 imposuerunt
2333 3327 2349 3347 ,

232 3347 269 3382 &
292 3349 327 3384 in
344 3346 486 3393 ephebis
507 3345 641 3382 initium
656 3347 843 3393 Sapientia
854 3371 869 3391 ,
891 3346 1047 3385 timorem
1062 3348 1203 3384 Domini
1219 3371 1232 3391 ,
1258 3344 1383 3384 sociata
1407 3351 1487 3388 cura
1503 3349 1758 3385 instillaverunt
1771 3371 1782 3382 .
1812 3347 1965 3383 Haustus
1984 3347 2019 3383 in
2046 3348 2197 3395 Papienli
2213 3350 2350 3387 Acade-

235 3396 306 3433 mia
320 3395 453 3433 altioris
474 3394 615 3432 scientias
635 3395 752 3432 latices
767 3394 957 3432 Fridericus
974 3397 1210 3434 Salamanticae
1228 3394 1322 3434 felici
1339 3396 1442 3435 Musa
1463 3397 1609 3444 perfecit
1624 3420 1638 3440 ,
1665 3394 1895 3441 reducemque
1915 3396 2073 3433 Bononia
2088 3397 2267 3444 utriusque
2290 3399 2350 3446 ju-

234 3443 283 3481 tis
297 3442 620 3488 laureainfignivit.
650 3443 955 3491 Doarinaejuneta
971 3445 1172 3492 prudentia,
1194 3446 1230 3481 δι
1257 3455 1365 3480 rerum
1383 3446 1591 3490 agendarum
1609 3445 1798 3482 dexteritas
1826 3445 1869 3480 ad
1892 3445 2002 3480 aulam
2021 3446 2227 3482 Sereniffimi
2250 3448 2352 3484 Man-'

237 3503 305 3530 tute
319 3492 429 3530 Ducis
444 3492 623 3529 vincentii
647 3492 788 3529 liberum
804 3491 835 3528 ei
855 3492 1012 3539 patefecit
1026 3493 1207 3540 ingressum
1224 3517 1237 3537 ,
1262 3493 1322 3530 ubi
1343 3493 1380 3530 &
1407 3493 1509 3542 hujus
1533 3494 1696 3531 affec-tum
1717 3492 1766 3528 ita
1788 3492 1980 3541 captivavit
1993 3517 2006 3538 ‚
2032 3504 2070 3531 ut
2090 3495 2191 3531 illum
2218 3496 2262 3532 ad
2288 3509 2350 3533 eu-

235 3543 343 3578 tanda
363 3543 414 3577 sui
429 3540 585 3578 Ducarius
597 3541 741 3588 negotia
755 3540 919 3578 Venetias
931 3542 1094 3587 ablegare
1105 3542 1271 3578 statuerit.

339 3590 474 3627 interim
486 3589 680 3627 FriderIcus
693 3599 766 3626 tum
789 3601 835 3626 ex
859 3589 983 3627 inlidiis
997 3615 1010 3634 ,
1036 3590 1162 3639 quibus
1176 3591 1321 3630 Nobilis
1331 3591 1487 3630 Patriota
1511 3592 1593 3629 vitae
1612 3589 1694 3638 ‘ejus
1715 3589 1959 3635 insidiabatur,
1985 3599 2059 3628 tum
2087 3604 2131 3629 ex
2144 3594 2222 3630 casu
2235 3619 2249 3639 ,
2276 3608 2350 3644 quo

237 3638 391 3676 violenta
409 3650 500 3675 mors
512 3639 619 3674 vitam
641 3638 692 3674 sui
708 3638 924 3675 Cubicularii
942 3640 1087 3676 reddidit
1100 3639 1267 3678 infelicem
1279 3665 1293 3685 ,
1319 3640 1385 3677 fata
1402 3641 1556 3679 humanoe
1570 3638 1780 3678 conditionis
1796 3663 1809 3683 ,
1834 3638 2038 3688 fallacesque
2063 3642 2179 3680 aulicae
2202 3644 2350 3681 fortuna

236 3687 323 3724 risus
341 3689 526 3732 agnoscens
537 3710 551 3732 ,
571 3686 779 3735 dudumjam
793 3688 836 3724 de
852 3689 937 3733 vita,
950 3689 1247 3736 interCapucinos
1258 3689 1686 3736 instituenda,conceptum
1701 3687 1880 3725 connitum
1895 3690 2025 3736 exequi
2040 3691 2154 3727 statuit
2169 3716 2180 3727 .
2207 3694 2317 3740 Qd
2333 3717 2349 3738 ‚

235 3747 277 3773 ut
289 3736 444 3774 inimicus
464 3736 568 3773 homo
581 3736 801 3781 distraheret,
812 3748 935 3782 vagam
953 3737 988 3775 in
1003 3738 1191 3774 Galliciam
1210 3737 1525 3784 peregrinationem
1540 3737 1698 3783 suggeffit
1713 3761 1724 3772 .
1751 3737 1912 3782 Agnovit
1927 3738 2024 3775 illico
2038 3739 2208 3776 doemonis
2235 3743 2344 3778 astum

235 3785 349 3822 noster
361 3785 510 3821 Mantua
525 3784 753 3823 Guardianus
769 3810 782 3826 ,
807 3786 935 3823 &ideo
947 3811 963 3831 ‚
985 3787 1152 3835 quantum
1168 3787 1342 3824 FrIderico
1350 3787 1626 3835 Compostellani
1651 3785 1780 3822 itineris
1800 3786 2047 3823 executionem
2065 3788 2215 3824 diffuafit
2227 3813 2241 3833 ,
2262 3800 2344 3826 tan-

236 3835 311 3874 tum
326 3833 423 3869 illurn
437 3833 480 3869 ad
492 3834 638 3874 celerem
652 3834 731 3873 vitae
744 3836 930 3886 Gapucinae
939 3837 1140 3885 amplexum
1154 3835 1342 3876 animavit.
1369 3835 1519 3875 Acceffit
1539 3833 1718 3884 utriusque
1732 3844 1821 3871 voto
1846 3835 1886 3872 P.
1904 3827 2135 3875 Provincialis
2150 3837 2344 3875 Provinciae

269 3911 271 3914 .
330 3881 424 3924 Tom.
435 3880 500 3920 111.

1718 3884 1754 3919 Η
1770 3883 1794 3921 lt
2226 3884 2300 3922 Ve-
