2664 4114
969 211 1640 332 Hy'dr‘untina.

268 339 437 382 afferunt
451 364 466 386 ,
482 330 608 387 fertili
622 343 713 376 cum
727 330 894 377 infertili
909 345 1147 389 computato
1171 338 1287 389 quin-

266 409 345 452 que
372 396 543 437 ducatos
571 393 715 438 similes
732 394 933 435 annuatim
953 395 1126 436 reddere
1143 396 1289 447 potest,

269 465 501 509 permutare
528 446 779 505 summopere
806 450 1038 502 desiderat,
1065 452 1210 508 Tuque
1234 452 1286 495 ad

259 513 308 555 id
335 515 410 554 ἃς.
439 522 603 566 paratus
630 510 788 559 existis,
818 507 843 550 fi
871 509 1004 552 nostra
1033 510 1158 561 Tibi,
1189 510 1285 552 illis-

267 586 348 626 que
370 572 408 612 in
437 568 632 624 praemiffis
649 565 887 621 suffragetur
914 566 1081 611 licentia
1104 570 1144 610 &
1166 569 1288 612 facul.

263 641 351 672 tas:
374 632 514 689 Qare
533 629 658 670 dietus
684 625 943 668 provincialis
963 629 1142 674 Minister
1161 629 1289 673 Nobis

268 688 479 732 humiliter
505 684 716 742 supplicari
741 681 866 735 fecit,
897 695 942 727 ut
967 687 1093 729 stante
1116 685 1286 731 neceffi-

260 757 352 789 tate
364 746 476 788 dicta:
496 741 646 787 Domus
659 770 674 793 ,
690 741 915 799 Mensaeque
931 746 1173 800 Episcopalis
1185 757 1286 800 prae·

263 805 375 847 ‹³561ae
403 804 614 852 utilitate,
646 800 853 846 licentiam
883 801 1108 857 hujusmodi
1135 813 1286 846 conce-

261 864 363 906 dere
389 863 441 904 de
464 859 716 917 benignitate
743 859 976 914 Apostolica
1000 860 1286 917 dignaremur,

324 924 410 964 Nos
433 919 556 975 igitur
585 919 675 969 Te,
701 918 741 964 δι,
765 917 914 960 dietum
940 920 1166 963 Ministrum
1184 923 1292 962 Pro·

263 978 479 1023 vincialem
511 978 532 1019 ἃ
559 977 760 1032 quibusvis
785 978 864 1024 δερ.
891 976 1132 1030 censentes,
1157 978 1290 1035 hujus·

263 1037 374 1081 modi
403 1034 758 1092 supplicationibus
785 1035 994 1084 inclinati,
1020 1037 1140 1088 Tibi,
1164 1051 1210 1078 ac
1227 1037 1289 1079 ei-

260 1099 360 1139 dem
382 1094 567 1139 Ministro
587 1094 833 1141 Provinciali
846 1124 863 1145 ,
883 1095 992 1150 quod„
1015 1095 1286 1141 Territorium

261 1158 304 1198 ὅτ.
332 1155 492 1197 hortum
521 1152 743 1209 hujusmodi
769 1152 819 1193 ad
846 1153 1019 1195 invicem
1045 1167 1120 1208 pro
1147 1153 1286 1196 Mensa

262 1211 491 1269 Epistopali
514 1225 559 1251 ac
586 1213 720 1252 Domo
735 1210 930 1265 praedic‘tis
958 1210 1178 1266 respefflve
1193 1226 1287 1268 per-

261 1280 448 1321 mutare,
461 1267 712 1323 desuperque
730 1269 1043 1311 Instrumentum
1058 1270 1121 1313 seu
1137 1273 1287 1318 Instru-

262 1338 399 1373 menta
421 1325 635 1373 neceffaria
659 1329 935 1384 &opportuna
951 1327 1187 1382 celebrare,
1217 1329 1287 1380 seu

1037 1459 1257 1526 ΝΟ

1349 336 1546 381 celebrari
1563 336 1696 385 facere
1710 363 1725 388 2
1746 333 1876 381 libere
1891 337 1930 379 δι
1945 335 2061 379 licite
2071 337 2220 393 possitis
2232 369 2246 389 ,
2257 347 2296 380 cst
2310 351 2378 385 vac

1348 395 1470 442 leatis
1485 425 1499 446 ‚
1519 396 1743 450 Ap‹›st·=1=ca
1768 401 2006 440 auctoritate
2021 423 2035 443 ,
2060 409 2203 438 tenore
2217 398 2377 453 presen-

1347 453 1447 495 tium
1459 454 1661 498 licentiam
1674 456 1935 497 concedimus
1950 456 1988 495 ὃ(
2002 456 2374 509 impertimur.Non

1345 513 1588 556 obstantibus
1602 511 1672 554 fel.
1689 528 1767 556 rec.
1787 515 1897 555 Pauli
1918 514 2053 556 PPJl.
2071 513 2377 556 Praedecefforis

1350 571 1466 614 nostri
1481 573 1536 614 de
1555 573 1678 613 rebus
1693 571 1880 615 Ecclefiae
1904 587 1982 614 non
2010 571 2229 615 alienandis
2245 601 2259 622 ,
2275 572 2380 615 aliis-

1348 642 1427 683 que
1450 629 1810 675 Constitutionibus
1837 636 1875 671 ὅ(
1898 631 2234 673 ordinationibus
2265 634 2378 685 Apo-

1350 686 1528 737 stolicis,
1555 700 1600 728 ac
1631 687 1815 729 Eccletiae
1833 689 2375 746 &Ordinissspra-dictorum,

1348 747 1471 785 etiam
1497 747 1576 790 διε,
1601 744 1802 786 roboratis
1827 747 1981 788 statutis
2008 749 2047 790 δι
2074 747 2378 802 consuetudini-¹

1347 801 1445 851 buS,
1467 801 1705 858 caeterisque
1732 804 1945 845 contrariis
1973 805 2318 860 quibuscumque.

1405 863 1558 903 Datum
1585 862 1726 902 Romae
1757 863 1862 915 apud
1894 866 2079 905 sanetum
2110 865 2277 907 Petrum
2306 862 2378 906 sub

1350 919 1513 961 Annulo
1536 918 1744 963 Piscatoris
1768 920 1836 961 die
1863 934 1911 961 xx
1924 932 1984 966 ιν,
2002 922 2141 963 Martii
2154 936 2380 967 MDcxxtx.

1349 977 1617 1030 Pontificatus
1645 977 1774 1021 nostri·
1793 992 1899 1027 anno
1929 978 2062 1023 sexto.

1885 1097 1946 1138 M.
1962 1096 2012 1137 A.
2027 1095 2264 1142 Maraldus:

1406 1216 1467 1263 Ex
1483 1212 1630 1270 Regest.
1657 1213 1779 1257 Arcb.
1797 1217 1940 1257 secret.
1966 1202 2156 1254 Breviam
2172 1215 2381 1275 Apostolic,

1462 1273 1582 1330 meast
1597 1272 1651 1323 ὠ*
1665 1286 1766 1317 anno
1780 1271 1964 1329 praedffl.
1978 1270 2062 1332 fol.
2081 1284 2150 1326 74.

1343 1459 1414 1529 ’Τ
1502 1461 1608 1525 Α.

260 1605 359 1693 IN
384 1608 535 1647 Ecclefia
558 1608 660 1657 hujus
685 1608 821 1646 Domus
845 1608 1049 1655 cappellam
1084 1609 1103 1643 ἢ
1132 1609 1178 1650 D.
1203 1609 1321 1658 Laura·
1342 1610 1387 1653 ab
1411 1609 1532 1663 AJello
1558 1621 1636 1654 cum
1668 1611 1763 1655 omni
1789 1623 1958 1667 apparatu
1979 1612 2100 1662 perfici
2128 1637 2143 1659 ‚
2179 1613 2322 1662 petitum
2344 1615 2380 1652 δε

333 1657 521 1699 concessum
546 1659 619 1701 est,
645 1668 683 1694 ut
709 1656 863 1704 sequitur
881 1680 892 1696 .,

682 1773 1387 1836 BEATISSIME
1493 1778 1889 1837 PATER.

357 1902 491 1940 Domna
512 1902 630 1938 Laura
646 1903 690 1938 ab
704 1901 820 1950 Ajello
834 1901 879 1936 D.
891 1901 1045 1939 Fabritii
1059 1905 1215 1941 Guarim·
1230 1929 1240 1945 ,
1268 1906 1444 1946 Civitatis
1455 1904 1622 1949 Alexanae
1636 1907 1777 1951 Domini
1795 1909 1839 1950 &
1857 1907 2006 1946 Patrem·
2019 1908 2155 1958 Coniux·
2174 1936 2187 1956 ‚
2202 1911 2376 1954 Sanfilita.

261 1952 296 1992 'tt'
319 1949 443 2000 Vestra
465 1949 651 1986 humillime
666 1949 845 1997 supph‘cat
862 1973 874 1992 ,
898 1958 1072 1996 qnatenus
1094 1950 1218 1989 Votum
1243 1953 1284 1988 de
1313 1953 1517 2002 Capellalin
1539 1966 1670 2003 campo.
1698 1956 1718 1993 ἂ
1741 1957 1832 1993 dina
1855 1957 2012 1995 civitate
2041 1959 2211 2001 milliario.
2237 1963 2375 1998 incirca

262 2001 393 2050 dxffito,
417 1997 614 2046 amplianda
632 1997 763 2045 fai-”ium
783 2021 797 2041 ‚
821 1998 860 2032 a'n
889 1997 986 2034 aliud
1006 2000 1144 2049 majoris
1172 1998 1344 2039 utilitatis
1369 2013 1450 2050 opus
1466 2026 1478 2044 ‚
1502 2003 1666 2043 videlicet·
1687 2005 1733 2040 ad
1755 2005 1928 2054 Capellam
1948 2008 1986 2041 in
2006 2006 2147 2056 Ecclesia
2178 2010 2370 2057 Capacino.

260 2060 362 2091 rum,
387 2057 460 2094 qnae
481 2046 608 2094 desafiio
632 2045 847 2094 construitur
869 2071 882 2090 ‚
926 2046 1234 2093 erficiendam‚l&
1253 2062 1327 2086 cum
1354 2053 1446 2087 omni
1472 2059 1644 2100 apparatu
1669 2054 1925 2097 terminandam
1948 2066 2152 2093 commutare
2180 2058 2346 2106 dignetur
2360 2081 2376 2102 ,

260 2107 337 2135 cum
349 2093 436 2133 *dieti
450 2094 574 2134 Patres
581 2093 793 2142 summopere
812 2093 872 2131 hoo
906 2095 1030 2180 ufbifidio
1054 2098 1237 2146 indigeant
1262 2099 1334 2140 &c-

950 2144 1072 2198 {ffimus
1098 2146 1267 2189 Dominus,
1290 2148 1397 2198 noster
1417 2148 1584 2198 petitioni
1599 2150 1767 2201 superius
1782 2151 1926 2200 exposita
1952 2151 2097 2202 benign&
2122 2155 2252 2194 annuit
2265 2181 2276 2193 .

355 2143 426 2181 Die
447 2152 505 2191 23·
525 2143 698 2180 Decemb.
717 2147 824 2191 1631.
844 2144 920 2185 San

825 2251 891 2300 R.
922 2251 1050 2302 Card.
1085 2254 1329 2310 Ubaldinus
1346 2292 1359 2312 ,

1755 2331 1904 2372 Franc.
1922 2332 2082 2374 Paulut.
2109 2335 2258 2377 secret.

363 2374 544 2426 Exemplar
559 2376 598 2412 r‘n
621 2376 733 2418 Arch,
757 2375 922 2418 Generals·
948 2376 1039 2419 Ord,
1053 2379 1222 2422 Armarin
1255 2382 1438 2427 Provincia
1465 2383 1686 2432 Hydruntina
1699 2409 1713 2420 .

267 2502 385 2518 —

621 2505 737 2521 -ῄ

421 2604 457 2645 E
517 2603 549 2644 P
608 2604 629 2644 I
690 2605 718 2646 S
777 2604 816 2645 Τ
876 2605 914 2645 Ο
978 2607 1011 2648 L
1075 2607 1135 2647 Α.

349 2710 444 2761 Sar.
461 2711 713 2779 Congregat‚
742 2709 880 2778 Epifc.
917 2719 972 2761 εἷς’
1001 2712 1207 2780 Regular.
1231 2779 1238 2784 .

264 2837 491 2909 Episcopo
519 2836 819 2908 Ugentinenfi
847 2844 1144 2890 Conventum
1176 2841 1288 2895 Ruf-

333 2907 459 2967 fani,
497 2924 597 2959 ante
626 2912 874 2959 Decretum
909 2914 1164 2960 Innocentii
1192 2915 1286 2961 XI.

331 2981 382 3030 de
412 2982 570 3044 parvis
605 2977 893 3028 conventibus
924 2980 1126 3029 erec'tum
1156 3015 1173 3038 ,
1207 2981 1287 3032 sub

334 3064 551 3118 praetextu
566 3083 582 3106 ,
617 3048 741 3113 quod
766 3066 784 3098 1
800 3067 841 3096 2.
865 3053 1042 3098 Fratres
1066 3052 1110 3099 in
1129 3068 1183 3101 eo
1197 3070 1286 3104 non

335 3121 502 3188 degant
522 3154 539 3178 ,
574 3117 754 3170 visitare
772 3118 1000 3168 inhibetur
1020 3156 1032 3169 .

390 3249 456 3290 M.
487 3244 653 3296 Illustris
681 3258 727 3286 ac
755 3246 972 3287 Reverende
1003 3247 1167 3291 Domine

654 3304 717 3345 uti
744 3306 890 3346 Frater
906 3334 919 3345 .

377 3423 457 3465 Um
475 3423 515 3463 S.
530 3419 849 3475 Congregationi
878 3435 951 3475 pro
980 3430 1097 3475 parte
1113 3423 1286 3463 Provin-

401 3480 514 3523 cialis
538 3481 577 3519 &
608 3478 892 3520 Deffinitorum
926 3481 968 3520 F.
985 3482 1026 3521 F.
1050 3481 1284 3537 Capucino-

269 3557 357 3585 rum
377 3539 590 3582 Provinciae
609 3537 873 3592 Hydruntinae
893 3538 1015 3581 fuerit
1031 3539 1278 3593 expofitum,

271 3599 377 3654 quod
396 3598 527 3652 Ampl.
547 3599 633 3638 Tua
661 3600 921 3639 Conventum
952 3599 1086 3638 Terrae
1119 3595 1278 3639 Ruffani

269 3659 341 3698 suae
360 3658 491 3698 Dioec.
516 3655 676 3697 vilitate
693 3684 707 3704 ,
737 3657 777 3695 &
801 3653 873 3696 suae
912 3654 1166 3707 jurisdictioni
1193 3653 1284 3695 sub-

270 3715 370 3756 dere
398 3713 614 3767 praetendat
636 3742 649 3764 ,
683 3712 748 3754 sub
779 3723 1001 3765 praetextu,
1032 3715 1138 3768 quod
1165 3712 1278 3767 juxta

270 3770 497 3818 Sanctimmi
520 3773 683 3815 Domini
704 3773 839 3816 Nostri
855 3774 1081 3815 Decretum
1101 3785 1160 3815 12.
1185 3772 1279 3812 Fra-

2138 2507 2373 2537 n'—-.-

1355 2616 1441 2648 tres
1474 2607 1527 2649 ibi
1565 2621 1643 2649 non
1673 2609 1855 2653 habitent
1880 2623 1896 2663 3
1928 2611 2177 2660 llluflriffimi
2208 2614 2372 2661 Domini

1355 2666 1436 2706 mei
1461 2666 1556 2707 mihi
1586 2667 1859 2721 ordinarunt,
1894 2680 1935 2711 ut
1953 2671 2099 2713 Eidem
2123 2671 2372 2720 scriberem,

1350 2724 1460 2778 quod
1477 2753 1495 2775 5
1520 2726 1546 2765 si
1568 2728 1809 2772 Conventus
1826 2728 1872 2771 fit
1894 2731 2091 2776 canonice
2108 2734 2269 2777 erectus
2285 2759 2298 2782 ,
2330 2733 2371 2772 &-

1348 2782 1390 2822 in
1406 2796 1457 2822 eo
1474 2783 1672 2831 Capucini
1687 2784 1826 2829 multis
1843 2788 1957 2835 annis
1973 2799 2070 2835 ante
2091 2789 2266 2843 praedicti
2284 2793 2371 2831 De·-

1345 2838 1450 2885 creti
1467 2840 1782 2892 publicationem
1799 2844 1983 2891 habitare
1996 2849 2221 2899 coeperint,
2235 2849 2255 2896 εἰ
2271 2862 2369 2902 prae·

1347 2896 1455 2939 tensa
1489 2898 1743 2951 vifitatione,
1776 2903 1965 2959 omnique
1985 2904 2066 2945 alio
2092 2910 2177 2951 actu
2195 2934 2208 2956 ,
2243 2907 2368 2959 privi-

1348 2955 1467 3010 legiis
1492 2959 1536 3003 v&
1560 2959 1882 3013 exemptionibus
1904 2962 2110 3010 ‘dictorum
2140 2966 2367 3010 Fratrum-a

1348 3012 1632 3068 praejudicante
1646 3045 1661 3065 ,
1694 3015 1892 3059 abstinere
1907 3020 2055 3062 debeat
2070 3050 2085 3070 ,
2119 3035 2210 3062 cuni
2226 3023 2301 3066 hoc
2316 3022 2368 3063 li·-

1346 3071 1472 3117 citum
1487 3071 1683 3118 duntaxat
1703 3072 1808 3116 foret
1823 3102 1836 3125 ,
1868 3077 1895 3122 fi
1920 3078 2006 3132 post
2030 3082 2246 3123 memorati
2277 3083 2365 3122 De-

1347 3132 1452 3171 creti
1463 3131 1783 3186 publicationem
1797 3136 2037 3179 Conventus
2051 3134 2180 3176 fuisset
2191 3140 2370 3181 ereetuss

1411 3187 1652 3234 Conformet
1677 3188 1716 3230 se
1744 3192 1862 3244 proin
1894 3191 2059 3236 sensibus
2087 3193 2369 3241 Illustriffimo—

1354 3260 1443 3287 rum
1461 3248 1723 3293 Domitiorum
1740 3261 1923 3293 meorum
1938 3277 1951 3299 ,
1982 3251 2022 3291 δι
2036 3253 2147 3294 Deus
2161 3266 2249 3297 eam
2262 3269 2368 3311 prae-

1352 3302 1485 3351 servet
1499 3334 1509 3343 .
1541 3306 1681 3346 Romae
1702 3307 1767 3346 28.
1787 3311 1880 3363 Sep.
1898 3309 2018 3364 1629.

1465 3363 1634 3418 Amplit.
1653 3365 1760 3405 Tuae.
1848 3368 1851 3369 ⁷
1978 3366 1984 3371 “

1854 3423 1918 3461 vti
1931 3422 2054 3461 Frater
2068 3453 2077 3462 .

1620 3470 1698 3525 Fr,
1717 3471 1825 3526 Ant.
1843 3474 1971 3526 Card.
1990 3475 2034 3524 S.
2052 3477 2267 3544 Onuphrii
2279 3515 2294 3530 .

1459 3599 1500 3639 Ρ.
1516 3598 1722 3654 Fagnanus
1735 3623 1748 3639 .

1398 3714 1567 3767 Exempl.
1592 3718 1634 3756 in
1652 3713 1820 3757 Archino
1833 3719 2020 3760 Gener-ali
2038 3721 2197 3764 ordinis
2213 3723 2359 3762 Arma-

1452 3771 1513 3814 rio
1527 3773 1738 3818 Provincia
1758 3773 2020 3830 Hydruntina
2041 3807 2057 3822 .
2264 3809 2271 3816 -

2189 3838 2306 3879 Con-
