2618 4108
359 248 528 305 202

356 338 432 377 His
457 337 512 376 ita
537 331 765 388 praenotatis
797 328 890 371 faeti
923 327 1076 384 species
1102 331 1182 373 haec
1212 331 1314 372 inci-

300 404 361 446 dit
389 426 400 438 .
431 398 583 435 Orator
607 420 622 442 ‚
650 391 853 445 postquam
883 385 1168 443 professionem
1207 388 1315 442 apud

300 454 525 514 Capueinos
549 448 734 490 emiserat
761 448 830 488 sub
859 447 1019 488 nomine
1050 446 1202 489 Fratris
1229 451 1317 489 An-

301 519 409 575 geli,
438 509 605 550 eandem
629 504 910 562 professionem
935 503 1088 560 duplici
1126 518 1177 546 ex
1205 505 1313 559 capi-

301 589 344 618 te
368 578 601 622 oppugnare
629 564 757 618 coepit
782 589 797 613 ,
837 573 925 605 tum
969 562 1122 605 scilicet
1151 592 1165 615 ‚
1196 562 1308 619 quod

302 632 444 675 morbo
469 624 613 677 gallico
637 623 821 664 laborans
852 635 939 664 eam
965 620 1148 664 emisisset
1175 647 1190 670 ‚
1218 632 1306 664 tum

299 693 418 732 etjam
434 713 448 734 ,
479 681 585 735 quod
614 691 727 722 metu
743 679 832 722 irati
849 678 980 723 Patris
1006 680 1186 722 inductus
1212 678 1302 721 fue-

298 750 349 790 rit
377 744 426 787 ad
452 740 552 782 illud
569 739 657 780 vitae
677 751 802 794 genus
823 737 1149 793 ampleetendum
1166 737 1302 795 ,quod

300 799 467 849 maxime
483 797 738 839 aversaretur
753 824 765 837 .

352 866 418 906 Re
458 859 508 901 ad
543 863 703 901 Sacram
729 855 1100 909 congregationem
1136 853 1306 906 delata,

298 917 572 972 commissaque
587 911 824 957 Eminentiss
843 941 854 953 .
865 912 1180 969 Archiepiscopo
1192 916 1307 955 Mon-

297 983 346 1025 tis
362 976 527 1032 Regalis
542 972 822 1030 probationum
837 973 1072 1027 receptione
1085 997 1100 1019 a
1130 971 1306 1027 actisque

293 1041 455 1083 tandem
481 1037 530 1078 ab
557 1032 643 1090 ejus
664 1031 833 1074 Vicario
849 1029 897 1073 ad
912 1031 1067 1074 Urbem
1086 1029 1201 1073 miffis
1218 1058 1234 1081 ‚
1257 1028 1307 1071 il-

292 1098 361 1142 lud
376 1093 546 1139 maxime
562 1089 781 1135 notandum
794 1090 997 1141 occurrit,
1013 1088 1120 1144 quod
1139 1099 1223 1131 tres
1243 1095 1305 1130 te-

292 1159 365 1200 stes
375 1183 388 1204 a
401 1158 528 1197 citato
542 1154 813 1193 Procuratore
828 1143 1089 1191 provincialis
1102 1147 1305 1189 examina—

292 1217 323 1258 ti
347 1243 361 1266 ‚
397 1225 536 1256 verum
564 1207 642 1252 esse
674 1205 966 1249 confirmabant
986 1234 1000 1257 ‚
1025 1207 1308 1253 Oratorem-2,

291 1285 499 1327 antequam
515 1267 722 1323 Religioni
747 1279 892 1309 nomen
919 1265 1063 1314 daret,
1095 1277 1139 1306 re
1162 1263 1240 1320 ipsa
1258 1277 1309 1305 eo

293 1332 432 1374 morbo
448 1324 640 1371 laborasse
655 1354 669 1377 ‚
685 1334 874 1379 metuque
893 1323 1025 1367 Patris
1039 1335 1129 1365 eam
1144 1324 1198 1364 ob
1211 1335 1307 1364 cau-

290 1389 371 1431 sam
385 1384 605 1442 indignati,
636 1383 715 1427 sese
731 1382 938 1437 Religioni
951 1379 1142 1425 addixisse
1156 1409 1168 1422 .
1192 1379 1310 1423 Nihil

291 1459 425 1491 tamen
452 1449 499 1489 ab
516 1445 561 1487 iis
587 1442 768 1485 additum
794 1441 846 1483 de
872 1444 958 1482 astu
985 1438 1067 1496 ipso
1095 1436 1307 1482 Profeffio-

291 1507 348 1549 nis
366 1506 432 1557 ,δε
455 1514 593 1546 utrum
616 1501 656 1542 in
681 1514 727 1543 ea
739 1503 888 1542 Orator
911 1502 935 1543 a
953 1498 1149 1541 Coenobii
1166 1495 1311 1540 Praefe·

290 1569 356 1608 &o
370 1563 477 1606 statis
497 1558 879 1614 interrogationibus
895 1567 1027 1600 motus
1049 1553 1173 1598 fuerit
1184 1585 1201 1607 ,
1233 1569 1308 1598 nec

290 1640 341 1668 ne
360 1624 374 1664 ?

351 1680 516 1723 Insertae
533 1677 619 1721 sunt
647 1676 768 1718 etiam
785 1675 879 1716 actis
898 1675 1063 1730 geminae
1084 1672 1308 1716 attestatio-

290 1752 389 1791 nes3
423 1739 552 1781 altera
583 1735 747 1789 quidem
773 1733 951 1784 Medici,
982 1731 1212 1774 affirmantis
1235 1744 1308 1773 cu-

288 1813 375 1842 ram
394 1795 476 1854 ejus
493 1795 643 1844 morbi,
658 1793 779 1849 paulo
793 1803 1010 1845 antequam
1024 1792 1174 1832 Orator
1188 1788 1307 1831 Reli·

287 1858 447 1914 gionem
473 1851 763 1909 ingrederetur
789 1877 804 1901 a
834 1851 856 1893 a
880 1848 919 1891 se
950 1848 1198 1903 susceptam3
1229 1847 1306 1890 alia

288 1916 387 1958 verb
400 1909 775 1965 Condiscipuli2qui
789 1907 934 1951 eodem
951 1909 1091 1950 morbo
1106 1905 1221 1948 illum
1235 1919 1304 1948 ve·

289 1984 425 2017 xatum
438 1969 546 2012 fuisse
563 1968 731 2011 affirmat
747 1996 759 2009 .

348 2030 535 2072 Habetur
559 2041 715 2083 quoque
732 2026 768 2066 in
786 2024 923 2068 iisdem
948 2026 1042 2067 astis
1068 2025 1183 2080 ipsius
1198 2027 1304 2067 Ora-

296 2090 393 2131 toris
408 2087 686 2134 denuntiatio,
717 2082 792 2139 qua
814 2094 948 2126 narrat
964 2115 977 2137 ‚
1008 2084 1055 2126 ad
1076 2086 1300 2127 Patruum...

293 2147 588 2202 Capucinorum
618 2143 657 2186 se
685 2140 903 2197 confugisse
925 2171 939 2194 ‚
970 2153 1012 2184 ut
1039 2143 1170 2186 Patris
1201 2142 1302 2183 iram

288 2206 541 2254 declinaret,
572 2201 738 2259 ejusque
763 2200 870 2242 suasu
891 2203 1021 2257 &ope
1047 2204 1087 2243 in
1102 2200 1303 2244 Ordinem

288 2261 491 2306 admissum
507 2291 521 2314 ,
553 2262 703 2318 pluries
719 2270 852 2301 tamen
870 2261 890 2300 a
908 2259 1098 2303 Praefecto
1124 2262 1200 2303 &a
1216 2261 1304 2300 No-

287 2323 480 2365 vitiorum
496 2319 685 2376 Magistro
697 2316 905 2375 postult'iffe
919 2327 935 2368 ,“
949 2334 999 2362 ne
1022 2319 1072 2361 ad
1088 2314 1301 2362 Profesiio·

287 2394 378 2423 nem
402 2389 641 2436 urgeretur,
673 2379 768 2434 quin
784 2386 916 2418 tamen
929 2377 1035 2421 dicat
1060 2374 1100 2420 se
1125 2389 1300 2433 unquam

288 2439 380 2481 illos
394 2438 448 2479 de
461 2438 600 2479 morbo
613 2437 808 2481 certiores
823 2434 956 2478 fecisse
972 2466 983 2478 .

343 2499 467 2539 Extat
491 2496 665 2551 denique
692 2495 731 2537 in
760 2494 855 2535 actis
882 2493 1087 2536 Confessio
1106 2496 1298 2537 Procura-

287 2556 387 2596 toris
417 2552 696 2595 &Provinciali
718 2551 898 2593 Ministro
928 2553 1156 2603 constituti,
1186 2566 1295 2608 qua-a

285 2613 470 2654 morbum
485 2621 579 2652 ante
593 2637 611 2645 -
626 2612 666 2652 δε
685 2609 768 2664 post
784 2607 1065 2653 Profeslionem
1081 2610 1294 2664 probatum

285 2668 362 2712 esse
395 2669 572 2710 admittit
590 2697 606 2718 ,
636 2667 787 2710 nullam
819 2682 979 2724 quoque
1008 2667 1293 2711 professionem

283 2725 394 2769 fuisse
410 2728 461 2767 ob
475 2726 671 2768 defessum
683 2724 894 2768 consensus
911 2755 925 2777 ,
956 2739 1122 2781 eamque
1137 2727 1292 2769 irritam

284 2785 538 2840 pronuntiari
554 2786 654 2837 petit
670 2797 681 2825 :
700 2784 805 2825 veris
821 2786 1081 2828 existentibus
1093 2788 1267 2828 narratis
1279 2790 1307 2834 2‘

284 2846 325 2886 &
349 2845 385 2885 in
413 2840 615 2898 processu,
639 2844 679 2885 &
704 2843 1002 2898 probationibus
1018 2843 1226 2893 adduetis,
1256 2846 1296 2886 δι

281 2902 460 2958 probatis
476 2930 487 2942 .
1033 2919 1036 2922 ⁴

338 2963 431 3002 Haec
463 2957 588 3000 relata
615 2974 705 3002 cum
729 2955 878 3003 fuerint
904 2960 945 3002 in
960 2962 1294 3017 Congregatione

287 3019 419 3061 habita
441 3018 509 3059 die
531 3020 599 3058 28.
616 3019 819 3073 Septemb.
843 3020 966 3069 1726.
987 3019 1124 3061 audito
1143 3022 1293 3063 Procu-

286 3085 418 3118 ratore
433 3078 627 3119 Generali
638 3107 653 3128 ,
668 3078 734 3131 qui
746 3078 932 3120 Oratoris
947 3079 1132 3133 precibus
1149 3093 1200 3120 ex
1216 3081 1292 3121 hu-

286 3131 452 3185 jusmodi
469 3135 770 3189 probationibus
787 3134 978 3179 assensum
992 3136 1209 3192 praeslabat,
1226 3151 1290 3178 re-

280 3191 468 3244 scriptum
483 3190 557 3235 fuit
573 3195 611 3235 in
628 3196 730 3235 hunc
744 3193 925 3244 modum,
941 3194 1151 3236 videlicet:
1169 3195 1295 3249 quoad

283 3256 398 3312 caput
415 3249 535 3289 morbi
543 3251 818 3307 praeextstentt's
832 3262 923 3294 ante
939 3256 1010 3294 Pro
1003 3252 1199 3309 fifflonem
1213 3256 1289 3295 Re-

285 3304 378 3356 ligio
391 3332 404 3354 ,
428 3305 658 3350 austeritate
670 3309 788 3352 etiam
799 3315 838 3352 5.
855 3311 1181 3366 Gange-egenonis,
1192 3321 1286 3367 ΡΜ·

286 3361 395 3401 cedat
409 3390 423 3411 ‚
434 3371 552 3414 prout
564 3366 607 3405 de
621 3367 723 3419 iure,
733 3369 852 3424 juxta
857 3369 954 3425 sitas
972 3369 1284 3423 constitutiones:

287 3426 477 3471 quatenus
500 3421 586 3484 nero
602 3423 902 3478 fundamentum
925 3426 1047 3468 morbi
1068 3441 1140 3469 non
1150 3428 1284 3485 βύβ-

272 3474 361 3529 stat
372 3499 386 3521 ‚
418 3475 464 3521 θ’
477 3489 553 3532 esus
563 3483 690 3541 vigore
702 3495 773 3524 non
781 3483 890 3541 pefflt
907 3486 1052 3539 Religio
1066 3486 1092 3526 a*
1102 3486 1153 3540 st’
1174 3487 1286 3543 ejice-

284 3545 328 3572 re
345 3536 544 3574 Orw’rem
557 3562 571 3585 2
600 3536 645 3583 (5
659 3547 741 3591 opus
752 3542 838 3597 estet
845 3552 919 3597 pro
934 3545 1118 3585 nullitate
1133 3545 1283 3599 Profhss

273 3589 394 3647 sionis
419 3602 616 3633 recurrere
639 3595 692 3634 ad
701 3597 776 3638 vim
799 3600 844 3645 (τ
858 3609 1022 3650 metum,
1048 3603 1163 3658 causti
1187 3603 1227 3645 in
1241 3605 1281 3644 S.

290 3649 589 3711 congregatione
597 3659 837 3705 proponatur
850 3685 861 3695 .

313 3762 321 3769 Ι
347 3707 470 3769 Hujus
487 3698 679 3760 Rescripti
708 3715 967 3766 auctoritate,
995 3717 1175 3760 Minister
1188 3720 1284 3761 Pro·—

286 3764 460 3804 uncialis
484 3760 718 3807 sententiam
743 3769 837 3815 tulit
866 3770 1121 3828 sequentibus
1152 3779 1282 3821 verbis

1112 213 1624 301 Provincia

1375 343 1644 386 conceptam:
1676 330 1965 372 Sententiamus
1993 331 2179 380 {dil-iam
2206 334 2395 375 Fratrem

1373 392 1566 443 Angelum
1591 389 1642 429 ab
1661 393 1769 430 Enna
1785 391 2025 430 Sacerdotem
2043 387 2250 448 Proftſjum
2270 394 2311 433 in
2313 392 2397 447 sim

1373 453 1586 501 receptione
1601 446 1656 486 ad
1666 445 1835 501 nostram
1852 446 2091 500 Religionem
2117 450 2205 490 vere
2217 448 2397 507 fust&

1373 514 1633 559 compertum,
1656 505 1845 559 praediHo
1870 507 2001 547 morbo
2019 504 2165 561 gallico
2179 506 2363 565 labora-”ffb
2381 537 2399 560 ,

1366 577 1482 618 eoque
1495 562 1620 604 adbuc
1633 563 1816 605 laborare
1828 594 1843 616 ,
1854 563 2153 621 praefatumque
2154 566 2276 623 stium
2291 579 2396 607 mor-

1365 618 1588 679 bumfut'sp?
1601 650 1616 673 ,
1648 621 1696 669 δ’
1711 621 1781 679 effi?
1794 624 1886 665 vere
1899 617 2164 679 contagiosum
2180 652 2194 675 ,
2223 622 2270 670 ὅ
2284 626 2396 666 ineu-

1361 680 1527 723 rabilem
1550 693 1595 720 ex
1619 682 1811 723 commum·
1833 680 2300 737 Medicorumjudicio&
2324 680 2396 727 ob-

1349 739 1605 796 servatione-3
1632 747 1835 794 eapropter
1858 741 2080 797 prefatam
2094 740 2264 797 nostram
2278 740 2391 782 Reli-

1358 799 1510 853 gionem
1525 800 1657 850 vigore
1664 795 1875 853 facultatis
1878 797 1958 852 sthi
1981 807 2144 841 retentae
2153 807 2227 854 per
2240 797 2391 854 expres:

1351 854 1444 913 sbm
1448 853 1768 909 protestationem
1779 859 1821 897 in
1827 855 1917 912 fiais
1925 858 2178 911 generalibus
2193 855 2392 912 Constitu-

1365 910 1695 971 tionibusfablam
1708 942 1722 964 ‚
1755 916 1860 968 quod
1868 916 1967 956 nolit
1980 915 2051 972 ff·
2065 915 2248 971 obligata·
2258 916 2311 955 ad
2322 914 2392 956 hu-

1357 970 1529 1029 jusmodi
1567 967 1730 1027 infeffios
1745 1000 1760 1023 ,
1782 972 1835 1022 ῤ’
1860 973 2098 1015 incurabiles
2117 973 2362 1016 retinendum
2374 1003 2389 1025 ‚

1365 1029 1480 1085 ipsius
1505 1039 1635 1071 tamen
1649 1031 1784 1072 valida
1795 1029 2017 1087 Proftfflone
2037 1044 2116 1078 non⁴
2126 1031 2296 1087 obstante
2306 1033 2395 1090 pos-

1354 1087 1404 1147 st·
1426 1100 1471 1131 ae
1495 1087 1629 1130 debere
1659 1102 1745 1131 eum
1766 1090 1955 1143 expellere
1987 1089 2035 1137 ὅ
2061 1088 2197 1145 ejicere
2213 1119 2228 1141 ,
2253 1095 2393 1132 tamin

1358 1156 1514 1203 paenam
1539 1145 1676 1203 dolosae
1703 1149 1973 1191 occultationis
1998 1147 2188 1203 praediffi
2219 1145 2344 1191 morbi
2373 1177 2394 1200 ,

1369 1205 1487 1260 quam
1514 1208 1557 1247 in
1567 1206 1735 1262 ficorum
1765 1206 2045 1263 Religiosorum
2071 1205 2394 1258 indemnitatem,

1360 1273 1483 1319 prout
1499 1267 1575 1306 Nos
1589 1273 1789 1319 proparte
1815 1264 2010 1322 ipsiusmet
2028 1267 2239 1321 Religionis
2250 1264 2390 1321 nostrae

1368 1323 1478 1366 illum
1500 1331 1575 1378 per
1598 1323 1753 1364 eandem
1779 1324 1949 1381 nostram
1976 1323 2217 1378 definitivam
2227 1323 2393 1382 senten·

1369 1384 1468 1424 tiam
1495 1381 1720 1434 expellimus
1741 1411 1755 1432 ‚
1775 1382 1828 1432 ὠν
1851 1380 2024 1438 ejicimus
2048 1382 2075 1423 a*
2089 1393 2301 1424 memorata
2317 1396 2388 1424 no·

1357 1439 1450 1497 stra
1469 1437 1667 1495 Religione
1685 1467 1698 1492 ‚
1726 1439 1775 1487 (5
1789 1440 1986 1497 expulfiam
2004 1440 2226 1498 &ejebium
2246 1440 2391 1498 effide-

1371 1501 1564 1541 claramus
1583 1512 1594 1539 :
1619 1498 1861 1541 admonentes
1869 1508 2078 1554 propterea
2090 1500 2246 1541 eundem
2260 1501 2390 1543 nulla-

1369 1567 1479 1599 tenus
1494 1557 1519 1598 d
1536 1556 1633 1597 votis
1646 1557 1689 1598 t’n
1709 1555 2048 1615 Proflfflonefaft‘a
2062 1560 2167 1599 inter
2181 1571 2245 1599 nos
2257 1555 2387 1613 emisp's

1368 1616 1534 1658 liberum
1562 1628 1785 1665 remanere,
1799 1616 1876 1673 sid
1897 1614 1975 1658 illis
1995 1615 2181 1671 perpetua
2202 1615 2387 1673 effi-liga·
2410 1657 2412 1660 ,

1366 1684 1478 1725 tum,
1505 1674 1553 1721 Θ·
1576 1679 1690 1715 extra
1702 1675 1936 1730 Religionem
1963 1674 2132 1732 nostram
2153 1674 2388 1729 degenti-2⁹1⁴

1366 1731 1668 1790 ffrfhbjeblum
1693 1731 1906 1775 ordinario
1929 1737 2040 1776 Loci.

1423 1794 1458 1834 A
1484 1790 1683 1846 postrema
1710 1791 1826 1848 hujus
1854 1791 2060 1835 sententiae
2084 1790 2259 1834 clausula
2292 1795 2388 1846 pro-

1367 1851 1526 1893 vocavit
1550 1852 1724 1901 Orator,
1756 1849 2007 1894 contendens
2033 1851 2220 1891 nimirum
2239 1877 2253 1900 ,
2287 1847 2380 1891 nul-

1366 1910 1409 1951 lo
1427 1907 1464 1949 se
1477 1907 1646 1964 amplius
1669 1906 1904 1951 solemnium
1923 1919 2109 1951 votorum
2129 1907 2292 1949 vinculo
2307 1906 2381 1948 adi·

1365 1967 1538 2010 strietum
1554 1995 1568 2018 ‚
1599 1981 1689 2008 cum
1705 1964 1896 2009 Prosesiio
1916 1981 1967 2010 ex
1989 1966 2148 2009 defectu
2166 1962 2380 2008 consensfis

1363 2025 1590 2081 Religionis
1600 2024 1711 2068 nullo
1725 2023 1881 2081 prorsus
1896 2039 2064 2067 numero
2080 2025 2218 2066 haberi
2234 2024 2383 2066 debeat

1362 2084 1495 2127 valida
1510 2113 1523 2135 ‚
1547 2083 1720 2139 ideoque
1735 2082 1983 2140 consequens
1999 2081 2076 2126 esse
2089 2083 2140 2125 ad
2157 2080 2380 2125 eorundem

1365 2154 1552 2186 votorum
1569 2141 1861 2186 observantiam
1877 2144 1915 2184 se
1929 2157 2007 2185 non
2023 2145 2182 2184 teneri.

1423 2200 1545 2245 Plura
1573 2202 1711 2257 itaque
1735 2203 1809 2243 bac
1832 2202 1872 2242 in
1887 2214 1930 2243 re
1946 2202 2014 2243 abs
2042 2201 2127 2242 ΕΕ.
2146 2201 2240 2242 VV.
2255 2198 2386 2257 ‹gliscu-

1362 2259 1497 2303 tienda
1520 2272 1770 2302 occurrunt:
1804 2260 1983 2302 Primum
1999 2259 2164 2315 quidem
2177 2285 2191 2308 2
2205 2271 2255 2300 an
2270 2260 2385 2301 eona

1362 2321 1591 2362 stitutiones
1622 2319 1787 2362 Ordinis
1821 2318 1949 2373 reipsa
1981 2317 2267 2361 Professionem
2297 2316 2381 2373 ipso

1358 2377 1447 2434 jure
1473 2378 1653 2429 nullam,
1677 2377 1913 2433 prorsusque
1938 2377 2154 2420 invalidam
2190 2374 2280 2417 fore
2306 2388 2380 2418 vo·

1360 2437 1510 2479 luerint
1523 2464 1537 2487 ,
1567 2436 1679 2491 juxta
1692 2450 1739 2479 ea
1753 2465 1768 2488 ,
1790 2449 1875 2491 quae
1892 2435 2069 2490 superius
2084 2434 2289 2483 hincinde
2301 2433 2376 2476 ad-

1357 2495 1541 2538 duximus
1571 2497 1585 2537 ?
1614 2496 1654 2535 ἃ.
1675 2504 1812 2537 utrum
1836 2491 1998 2535 admissa
2021 2494 2094 2535 tali
2117 2489 2374 2536 Profeffionis

1355 2553 1542 2596 nullitate
1556 2581 1570 2604 ‚
1600 2567 1646 2596 ea
1660 2551 1848 2596 tamenin
1868 2553 1939 2594 hac
1959 2553 2064 2594 Fafti
2081 2550 2209 2607 specie
2231 2551 2367 2595 locum

1353 2612 1423 2654 sibi
1448 2611 1656 2656 vendicare
1683 2620 1888 2667 nequeat,
1919 2625 2010 2653 cum
2037 2624 2117 2653 non
2142 2609 2368 2661 doceatur,

1353 2669 1702 2725 Interrogationes
1724 2669 1746 2711 a
1764 2675 1926 2714 Statuto
1949 2670 2192 2724 praescriptas
2208 2668 2375 2723 praeces-

1355 2728 1456 2772 sisse:
1471 2743 1520 2770 an
1535 2729 1667 2783 potius
1683 2728 1909 2771 subsistente
1924 2725 2231 2779 Professione‚&
2249 2739 2375 2769 uten-

1355 2799 1397 2830 te
1414 2787 1628 2841 Religione
1643 2786 1731 2843 jure
1751 2786 1819 2829 fibi
1834 2786 1855 2828 εὶ
1872 2786 2237 2829 Constitutionibus
2250 2787 2371 2828 attri-

1354 2847 1456 2890 buto
1475 2845 1708 2889 dimittendi
1724 2846 1847 2888 etiam
1862 2845 1996 2887 valide
2012 2843 2226 2887 Professum
2243 2873 2257 2895 ,
2288 2846 2370 2886 haec

1355 2916 1490 2948 tamen
1504 2903 1671 2948 facultas
1694 2904 1845 2948 sublata
1866 2903 2007 2945 itidem
2021 2903 2100 2945 dici
2114 2901 2227 2958 poffit
2245 2903 2296 2943 ob
2307 2903 2372 2947 in-

1353 2956 1672 3018 terrogationes,
1685 2972 1730 3006 ut
1743 2962 1875 3018 supra,
1889 2958 2059 3010 omissas,
2072 2974 2119 3002 ac
2134 2960 2328 3015 denique,
2344 2958 2371 3001 fi

1350 3021 1523 3065 maxime
1549 3022 1661 3064 locus
1689 3019 1909 3075 expulsioni
1936 3017 2062 3061 suerit
2092 3044 2104 3066 a
2145 3032 2281 3074 neque
2319 3032 2370 3060 ex

1351 3080 1494 3122 omiffis
1510 3077 1895 3134 interrogationibus
1911 3075 2179 3131 impediatur:
2212 3090 2260 3118 an
2282 3076 2369 3120 ita..

1351 3139 1499 3194 ejectus
1515 3139 1646 3180 adhuc
1659 3136 1897 3179 solemnibus
1915 3136 2019 3177 votis
2038 3163 2052 3186 ‚
2082 3145 2279 3192 quatenus
2294 3133 2368 3179 fie-

1352 3198 1387 3240 ri
1401 3196 1531 3252 potest
1545 3225 1559 3247 ‚
1589 3195 1783 3238 obnoxius
1800 3205 2006 3236 remaneat
2023 3196 2036 3236 ?

1408 3257 1461 3297 Et
1491 3253 1653 3310 quidem
1681 3255 1752 3296 hac
1774 3253 1811 3294 in
1830 3266 1873 3294 re
1902 3267 1979 3294 non
2007 3251 2173 3294 absurde
2202 3250 2362 3295 forsan...

1346 3312 1571 3368 comparari
1599 3313 1745 3368 poterit
1759 3310 1905 3366 ejectus
1933 3310 1985 3354 ob
2007 3311 2131 3353 talem
2145 3312 2330 3352 morbum
2348 3339 2363 3362 ,

1346 3371 1386 3412 in
1403 3369 1647 3414 Professione
1661 3370 1868 3414 reticitum
1884 3383 1975 3411 cum
1989 3369 2074 3411 aliis
2090 3397 2104 3420 ‚
2132 3369 2206 3424 ‘qui
2219 3367 2270 3409 ob
2284 3369 2363 3410 cri-

1343 3429 1448 3471 mina
1475 3441 1664 3486 tanquam
1690 3427 1989 3482 incorrigibiles
2021 3426 2171 3482 expelli
2200 3426 2360 3478 solent,

1342 3501 1436 3531 cum
1463 3489 1500 3529 in
1521 3487 1700 3544 utrisque
1725 3487 1866 3532 eadem
1885 3496 2030 3541 urgeat
2057 3485 2162 3527 ratio
2188 3484 2240 3526 de
2256 3485 2360 3528 votis

1342 3546 1426 3590 rite
1454 3545 1575 3588 semel
1595 3547 1735 3588 emissis
1755 3572 1766 3585 ·

1404 3608 1464 3646 De
1479 3605 1566 3647 aliis
1585 3619 1708 3659 porro
1723 3602 1859 3657 ejectis
1882 3602 1987 3644 nulla
2010 3599 2173 3657 quidem
2189 3600 2243 3644 est
2256 3598 2360 3641 diffi-

1342 3663 1472 3705 cultas
1487 3689 1501 3711 ‚
1533 3664 1630 3719 quin
1654 3662 1703 3705 ad
1727 3661 1950 3705 castitatem
1972 3660 2204 3702 servandam
2226 3658 2358 3701 teneri

1344 3722 1547 3774 debeant3
1580 3721 1633 3763 de
1661 3730 1757 3763 voto
1785 3729 1919 3761 autem
1935 3718 2177 3763 obedientiae
2193 3718 2359 3772 ambigi-

1340 3779 1479 3835 gitur,
1510 3779 1758 3824 censentibus
1785 3777 2020 3841 quibpsdam
2045 3805 2060 3831 ,
2084 3779 2141 3821 ita
2165 3778 2358 3877 duntzxa't

2247 3848 2268 3877 a
