<?xml version="1.0" encoding="UTF-8"?>
<!DOCTYPE html PUBLIC "-//W3C//DTD XHTML 1.0 Transitional//EN"
    "http://www.w3.org/TR/xhtml1/DTD/xhtml1-transitional.dtd">
<html xmlns="http://www.w3.org/1999/xhtml" xml:lang="en" lang="en">
 <head>
  <title>
</title>
<meta http-equiv="Content-Type" content="text/html;charset=utf-8" />
  <meta name='ocr-system' content='tesseract 3.04.00' />
  <meta name='ocr-capabilities' content='ocr_page ocr_carea ocr_par ocr_line ocrx_word'/>
</head>
<body>
  <div class='ocr_page' id='page_1' title='image "./bullariumordinis03cath_0324.png"; bbox 0 0 2618 4108; ppageno 0'>
   <div class='ocr_carea' id='block_1_1' title="bbox 339 233 511 316">
    <p class='ocr_par' dir='ltr' id='par_1_1' title="bbox 339 233 511 316">
     <span class='ocr_line' id='line_1_1' title="bbox 339 233 511 316; baseline -0.006 -1"><span class='ocrx_word' id='word_1_1' title='bbox 339 233 511 316; x_wconf 64' lang='lat'>262,</span> 
     </span>
    </p>
   </div>
   <div class='ocr_carea' id='block_1_2' title="bbox 284 342 1335 521">
    <p class='ocr_par' dir='ltr' id='par_1_2' title="bbox 284 342 1335 521">
     <span class='ocr_line' id='line_1_2' title="bbox 284 342 1335 404; baseline -0.004 -13"><span class='ocrx_word' id='word_1_2' title='bbox 284 347 390 404; x_wconf 81' lang='lat' dir='ltr'>apud</span> <span class='ocrx_word' id='word_1_3' title='bbox 403 347 589 390; x_wconf 62' lang='lat' dir='ltr'>&amp;anetam</span> <span class='ocrx_word' id='word_1_4' title='bbox 604 346 782 389; x_wconf 89' lang='lat' dir='ltr'>Mariam</span> <span class='ocrx_word' id='word_1_5' title='bbox 799 342 998 398; x_wconf 75' lang='lat' dir='ltr'>Maiorem</span> <span class='ocrx_word' id='word_1_6' title='bbox 1011 343 1081 386; x_wconf 89' lang='lat' dir='ltr'>sub</span> <span class='ocrx_word' id='word_1_7' title='bbox 1098 346 1249 387; x_wconf 92' lang='lat' dir='ltr'>annulo</span> <span class='ocrx_word' id='word_1_8' title='bbox 1265 345 1335 387; x_wconf 87' lang='lat' dir='ltr'>Pi-</span> 
     </span>
     <span class='ocr_line' id='line_1_3' title="bbox 287 402 1332 461; baseline -0.003 -11"><span class='ocrx_word' id='word_1_9' title='bbox 287 407 451 450; x_wconf 87' lang='lat' dir='ltr'>scatoris</span> <span class='ocrx_word' id='word_1_10' title='bbox 481 405 550 446; x_wconf 87' lang='lat' dir='ltr'>die</span> <span class='ocrx_word' id='word_1_11' title='bbox 574 419 667 448; x_wconf 85' lang='lat' dir='ltr'>xxv.</span> <span class='ocrx_word' id='word_1_12' title='bbox 693 405 807 461; x_wconf 88' lang='lat' dir='ltr'>Junii</span> <span class='ocrx_word' id='word_1_13' title='bbox 836 417 1035 454; x_wconf 78' lang='lat' dir='ltr'>mncxxt.</span> <span class='ocrx_word' id='word_1_14' title='bbox 1062 402 1332 451; x_wconf 83' lang='lat' dir='ltr'>Pontificatus</span> 
     </span>
     <span class='ocr_line' id='line_1_4' title="bbox 290 464 742 521; baseline -0.007 -12"><span class='ocrx_word' id='word_1_15' title='bbox 290 466 430 509; x_wconf 88' lang='lat' dir='ltr'>Nostri</span> <span class='ocrx_word' id='word_1_16' title='bbox 445 466 570 507; x_wconf 88' lang='lat' dir='ltr'>Anno</span> <span class='ocrx_word' id='word_1_17' title='bbox 585 464 717 521; x_wconf 89' lang='lat' dir='ltr'>primo</span> <span class='ocrx_word' id='word_1_18' title='bbox 729 492 742 506; x_wconf 85' lang='lat'>.</span> 
     </span>
    </p>
   </div>
   <div class='ocr_carea' id='block_1_3' title="bbox 350 581 1269 641">
    <p class='ocr_par' dir='ltr' id='par_1_3' title="bbox 350 581 1269 641">
     <span class='ocr_line' id='line_1_5' title="bbox 350 581 1269 641; baseline 0 -15"><span class='ocrx_word' id='word_1_19' title='bbox 350 586 412 626; x_wconf 83' lang='lat' dir='ltr'>Ex</span> <span class='ocrx_word' id='word_1_20' title='bbox 426 581 596 624; x_wconf 79' lang='lat' dir='ltr'>Archivo</span> <span class='ocrx_word' id='word_1_21' title='bbox 606 582 792 629; x_wconf 74' lang='lat' dir='ltr'>Vaticano</span> <span class='ocrx_word' id='word_1_22' title='bbox 809 586 965 626; x_wconf 79' lang='lat' dir='ltr'>Secreto</span> <span class='ocrx_word' id='word_1_23' title='bbox 979 581 1157 641; x_wconf 61' lang='lat' dir='ltr'>&amp;ec-fol.</span> <span class='ocrx_word' id='word_1_24' title='bbox 1176 584 1269 638; x_wconf 83' lang='lat'>164.</span> 
     </span>
    </p>
   </div>
   <div class='ocr_carea' id='block_1_4' title="bbox 408 723 642 739">
    <p class='ocr_par' dir='ltr' id='par_1_4' title="bbox 408 723 642 739">
     <span class='ocr_line' id='line_1_6' title="bbox 408 723 642 739; baseline 0 3369"><span class='ocrx_word' id='word_1_25' title='bbox 408 723 642 739; x_wconf 95' lang='lat' dir='ltr'> </span> 
     </span>
    </p>
   </div>
   <div class='ocr_carea' id='block_1_5' title="bbox 644 724 878 740">
    <p class='ocr_par' dir='ltr' id='par_1_5' title="bbox 644 724 878 740">
     <span class='ocr_line' id='line_1_7' title="bbox 644 724 878 740; baseline 0 3368"><span class='ocrx_word' id='word_1_26' title='bbox 644 724 878 740; x_wconf 95' lang='lat' dir='ltr'> </span> 
     </span>
    </p>
   </div>
   <div class='ocr_carea' id='block_1_6' title="bbox 289 724 1315 742">
    <p class='ocr_par' dir='ltr' id='par_1_6' title="bbox 289 724 1315 742">
     <span class='ocr_line' id='line_1_8' title="bbox 289 724 1315 742; baseline 0.003 -6"><span class='ocrx_word' id='word_1_27' title='bbox 289 726 406 739; x_wconf 78' lang='lat'>—</span> <span class='ocrx_word' id='word_1_28' title='bbox 879 725 995 742; x_wconf 62' lang='lat'>.-</span> <span class='ocrx_word' id='word_1_29' title='bbox 1000 724 1075 741; x_wconf 65' lang='grc'>1--</span> <span class='ocrx_word' id='word_1_30' title='bbox 1079 725 1315 742; x_wconf 42' lang='grc' dir='ltr'>-ᾐ</span> 
     </span>
    </p>
   </div>
   <div class='ocr_carea' id='block_1_7' title="bbox 292 820 1326 897">
    <p class='ocr_par' dir='ltr' id='par_1_7' title="bbox 292 820 1326 897">
     <span class='ocr_line' id='line_1_9' title="bbox 292 820 1326 897; baseline -0.001 -25"><span class='ocrx_word' id='word_1_31' title='bbox 292 820 475 872; x_wconf 86' lang='lat' dir='ltr'>Eodem</span> <span class='ocrx_word' id='word_1_32' title='bbox 509 825 841 897; x_wconf 83' lang='lat' dir='ltr'>ArgumentO,</span> <span class='ocrx_word' id='word_1_33' title='bbox 876 820 926 873; x_wconf 76' lang='lat' dir='ltr'>&lt;Sc</span> <span class='ocrx_word' id='word_1_34' title='bbox 959 822 1052 871; x_wconf 89' lang='lat' dir='ltr'>alio</span> <span class='ocrx_word' id='word_1_35' title='bbox 1085 823 1326 890; x_wconf 78' lang='lat' dir='ltr'>exemplo,</span> 
     </span>
    </p>
   </div>
   <div class='ocr_carea' id='block_1_8' title="bbox 466 939 1148 985">
    <p class='ocr_par' dir='ltr' id='par_1_8' title="bbox 466 939 1148 985">
     <span class='ocr_line' id='line_1_10' title="bbox 466 939 1148 985; baseline 0.001 -3"><span class='ocrx_word' id='word_1_36' title='bbox 466 939 599 984; x_wconf 84' lang='lat' dir='ltr'><em>Eidem</em></span> <span class='ocrx_word' id='word_1_37' title='bbox 613 940 759 985; x_wconf 84' lang='lat' dir='ltr'>Comiti</span> <span class='ocrx_word' id='word_1_38' title='bbox 769 939 819 982; x_wconf 86' lang='lat' dir='ltr'>ab</span> <span class='ocrx_word' id='word_1_39' title='bbox 831 940 1148 985; x_wconf 77' lang='lat' dir='ltr'>Hohcnzolleren.</span> 
     </span>
    </p>
   </div>
   <div class='ocr_carea' id='block_1_9' title="bbox 322 1061 1337 1130">
    <p class='ocr_par' dir='ltr' id='par_1_9' title="bbox 322 1061 1337 1130">
     <span class='ocr_line' id='line_1_11' title="bbox 322 1061 1337 1130; baseline -0.004 -17"><span class='ocrx_word' id='word_1_40' title='bbox 322 1061 864 1122; x_wconf 87' lang='lat' dir='ltr'>GREGORIUS</span> <span class='ocrx_word' id='word_1_41' title='bbox 904 1063 1129 1113; x_wconf 90' lang='lat' dir='ltr'>PAPA</span> <span class='ocrx_word' id='word_1_42' title='bbox 1168 1062 1288 1112; x_wconf 86' lang='lat' dir='ltr'>XV.</span> <span class='ocrx_word' id='word_1_43' title='bbox 1335 1127 1337 1130; x_wconf 12' lang='lat' dir='ltr'>y</span> 
     </span>
    </p>
   </div>
   <div class='ocr_carea' id='block_1_10' title="bbox 297 1149 1264 1301">
    <p class='ocr_par' dir='ltr' id='par_1_10' title="bbox 297 1149 1264 1301">
     <span class='ocr_line' id='line_1_12' title="bbox 297 1149 1264 1241; baseline 0.001 -20"><span class='ocrx_word' id='word_1_44' title='bbox 297 1149 302 1157; x_wconf 22' lang='grc' dir='ltr'><em>Ὗ</em></span> <span class='ocrx_word' id='word_1_45' title='bbox 344 1179 501 1223; x_wconf 68' lang='grc' dir='ltr'><em>Βίἰεὲῗσ</em></span> <span class='ocrx_word' id='word_1_46' title='bbox 517 1178 618 1230; x_wconf 86' lang='lat' dir='ltr'><em>Fili,</em></span> <span class='ocrx_word' id='word_1_47' title='bbox 631 1179 782 1223; x_wconf 78' lang='lat' dir='ltr'><em>Nobilis</em></span> <span class='ocrx_word' id='word_1_48' title='bbox 803 1183 869 1224; x_wconf 85' lang='lat' dir='ltr'>Vir</span> <span class='ocrx_word' id='word_1_49' title='bbox 882 1210 896 1232; x_wconf 83' lang='lat'>,</span> <span class='ocrx_word' id='word_1_50' title='bbox 910 1181 1147 1241; x_wconf 47' lang='lat' dir='ltr'>fhlutemj&amp;</span> <span class='ocrx_word' id='word_1_51' title='bbox 1159 1183 1264 1237; x_wconf 64' lang='lat' dir='ltr'>Apo3</span> 
     </span>
     <span class='ocr_line' id='line_1_13' title="bbox 509 1239 1070 1301; baseline 0 -20"><span class='ocrx_word' id='word_1_52' title='bbox 509 1239 699 1301; x_wconf 20' lang='lat' dir='ltr'>‘stolicam</span> <span class='ocrx_word' id='word_1_53' title='bbox 734 1239 1044 1289; x_wconf 56' lang='lat' dir='ltr'>Benedibiionem</span> <span class='ocrx_word' id='word_1_54' title='bbox 1058 1268 1070 1281; x_wconf 88' lang='lat'><strong>.</strong></span> 
     </span>
    </p>
   </div>
   <div class='ocr_carea' id='block_1_11' title="bbox 273 1354 1323 3601">
    <p class='ocr_par' dir='ltr' id='par_1_11' title="bbox 412 1354 1322 1475">
     <span class='ocr_line' id='line_1_14' title="bbox 412 1354 1322 1414; baseline -0.001 -14"><span class='ocrx_word' id='word_1_55' title='bbox 412 1358 648 1401; x_wconf 86' lang='lat' dir='ltr'>Ecrevimus</span> <span class='ocrx_word' id='word_1_56' title='bbox 661 1370 737 1414; x_wconf 87' lang='lat' dir='ltr'>pro</span> <span class='ocrx_word' id='word_1_57' title='bbox 751 1357 944 1403; x_wconf 85' lang='lat' dir='ltr'>Pastorali</span> <span class='ocrx_word' id='word_1_58' title='bbox 963 1357 1110 1402; x_wconf 83' lang='lat' dir='ltr'>Nostra</span> <span class='ocrx_word' id='word_1_59' title='bbox 1125 1354 1322 1401; x_wconf 87' lang='lat' dir='ltr'>sollicitu-</span> 
     </span>
     <span class='ocr_line' id='line_1_15' title="bbox 437 1416 1320 1475; baseline 0.001 -17"><span class='ocrx_word' id='word_1_60' title='bbox 437 1417 563 1468; x_wconf 79' lang='lat' dir='ltr'>dine,</span> <span class='ocrx_word' id='word_1_61' title='bbox 587 1431 706 1472; x_wconf 86' lang='lat' dir='ltr'>quam</span> <span class='ocrx_word' id='word_1_62' title='bbox 733 1418 906 1475; x_wconf 81' lang='lat' dir='ltr'>publicis</span> <span class='ocrx_word' id='word_1_63' title='bbox 933 1417 1164 1460; x_wconf 80' lang='lat' dir='ltr'>rationibus</span> <span class='ocrx_word' id='word_1_64' title='bbox 1191 1416 1320 1460; x_wconf 86' lang='lat' dir='ltr'>debe-</span> 
     </span>
    </p>

    <p class='ocr_par' dir='ltr' id='par_1_12' title="bbox 273 1475 1323 3601">
     <span class='ocr_line' id='line_1_16' title="bbox 283 1475 1321 1534; baseline 0.002 -18"><span class='ocrx_word' id='word_1_65' title='bbox 283 1490 389 1527; x_wconf 82' lang='lat' dir='ltr'>mus,</span> <span class='ocrx_word' id='word_1_66' title='bbox 406 1476 504 1518; x_wconf 91' lang='lat' dir='ltr'>nihil</span> <span class='ocrx_word' id='word_1_67' title='bbox 520 1478 771 1521; x_wconf 89' lang='lat' dir='ltr'>intentatum</span> <span class='ocrx_word' id='word_1_68' title='bbox 787 1477 1024 1534; x_wconf 85' lang='lat' dir='ltr'>relinquere</span> <span class='ocrx_word' id='word_1_69' title='bbox 1039 1503 1054 1527; x_wconf 65' lang='lat'>2</span> <span class='ocrx_word' id='word_1_70' title='bbox 1082 1490 1163 1533; x_wconf 91' lang='lat' dir='ltr'>quo</span> <span class='ocrx_word' id='word_1_71' title='bbox 1178 1475 1321 1533; x_wconf 86' lang='lat' dir='ltr'>optimi</span> 
     </span>
     <span class='ocr_line' id='line_1_17' title="bbox 281 1535 1323 1592; baseline 0.001 -15"><span class='ocrx_word' id='word_1_72' title='bbox 281 1536 555 1590; x_wconf 85' lang='lat' dir='ltr'>Imperatoris</span> <span class='ocrx_word' id='word_1_73' title='bbox 569 1561 584 1583; x_wconf 66' lang='lat' dir='ltr'><strong>a</strong></span> <span class='ocrx_word' id='word_1_74' title='bbox 606 1537 645 1577; x_wconf 87' lang='lat'>&amp;</span> <span class='ocrx_word' id='word_1_75' title='bbox 662 1537 892 1580; x_wconf 87' lang='lat' dir='ltr'>Catholicae</span> <span class='ocrx_word' id='word_1_76' title='bbox 907 1535 1136 1592; x_wconf 81' lang='lat' dir='ltr'>Religionis</span> <span class='ocrx_word' id='word_1_77' title='bbox 1150 1535 1323 1590; x_wconf 81' lang='lat' dir='ltr'>dignita-</span> 
     </span>
     <span class='ocr_line' id='line_1_18' title="bbox 282 1593 1320 1651; baseline 0.002 -16"><span class='ocrx_word' id='word_1_78' title='bbox 282 1604 368 1635; x_wconf 89' lang='lat' dir='ltr'>tem</span> <span class='ocrx_word' id='word_1_79' title='bbox 387 1607 686 1650; x_wconf 89' lang='lat' dir='ltr'>propugnemus</span> <span class='ocrx_word' id='word_1_80' title='bbox 706 1625 716 1636; x_wconf 91' lang='lat'>.</span> <span class='ocrx_word' id='word_1_81' title='bbox 750 1597 928 1651; x_wconf 88' lang='lat' dir='ltr'>Exigere</span> <span class='ocrx_word' id='word_1_82' title='bbox 943 1594 1012 1638; x_wconf 92' lang='lat' dir='ltr'>suo</span> <span class='ocrx_word' id='word_1_83' title='bbox 1039 1593 1320 1651; x_wconf 84' lang='lat' dir='ltr'>quodamjure</span> 
     </span>
     <span class='ocr_line' id='line_1_19' title="bbox 281 1651 1320 1710; baseline 0.001 -15"><span class='ocrx_word' id='word_1_84' title='bbox 281 1652 448 1696; x_wconf 81' lang='lat' dir='ltr'>videtur</span> <span class='ocrx_word' id='word_1_85' title='bbox 463 1653 502 1694; x_wconf 91' lang='lat' dir='ltr'>id</span> <span class='ocrx_word' id='word_1_86' title='bbox 517 1654 540 1697; x_wconf 79' lang='grc' dir='ltr'>ὲ</span> <span class='ocrx_word' id='word_1_87' title='bbox 556 1654 683 1696; x_wconf 90' lang='lat' dir='ltr'>Nobis</span> <span class='ocrx_word' id='word_1_88' title='bbox 697 1655 917 1698; x_wconf 83' lang='lat' dir='ltr'>Austriacae</span> <span class='ocrx_word' id='word_1_89' title='bbox 936 1651 1092 1696; x_wconf 70' lang='lat' dir='ltr'>Domus</span> <span class='ocrx_word' id='word_1_90' title='bbox 1107 1654 1234 1710; x_wconf 83' lang='lat' dir='ltr'>pletas</span> <span class='ocrx_word' id='word_1_91' title='bbox 1246 1681 1260 1703; x_wconf 79' lang='lat'>‚</span> <span class='ocrx_word' id='word_1_92' title='bbox 1277 1663 1320 1696; x_wconf 90' lang='lat' dir='ltr'>ut</span> 
     </span>
     <span class='ocr_line' id='line_1_20' title="bbox 281 1713 1319 1766; baseline 0.002 -12"><span class='ocrx_word' id='word_1_93' title='bbox 281 1713 789 1766; x_wconf 82' lang='lat' dir='ltr'>RomanumPontificem,</span> <span class='ocrx_word' id='word_1_94' title='bbox 804 1715 952 1764; x_wconf 84' lang='lat' dir='ltr'>cui‚tot</span> <span class='ocrx_word' id='word_1_95' title='bbox 964 1714 1190 1756; x_wconf 72' lang='lat' dir='ltr'>Germania:</span> <span class='ocrx_word' id='word_1_96' title='bbox 1205 1715 1319 1757; x_wconf 87' lang='lat' dir='ltr'>Prin-</span> 
     </span>
     <span class='ocr_line' id='line_1_21' title="bbox 282 1770 1318 1829; baseline 0.002 -16"><span class='ocrx_word' id='word_1_97' title='bbox 282 1771 437 1826; x_wconf 87' lang='lat' dir='ltr'>cipibus</span> <span class='ocrx_word' id='word_1_98' title='bbox 452 1770 735 1815; x_wconf 84' lang='lat' dir='ltr'>deficientibus</span> <span class='ocrx_word' id='word_1_99' title='bbox 751 1803 766 1824; x_wconf 84' lang='lat'>‚</span> <span class='ocrx_word' id='word_1_100' title='bbox 800 1783 1047 1829; x_wconf 75' lang='lat' dir='ltr'>perpetuam</span> <span class='ocrx_word' id='word_1_101' title='bbox 1064 1772 1222 1828; x_wconf 88' lang='lat' dir='ltr'>semper</span> <span class='ocrx_word' id='word_1_102' title='bbox 1247 1772 1318 1815; x_wconf 89' lang='lat' dir='ltr'>de·-</span> 
     </span>
     <span class='ocr_line' id='line_1_22' title="bbox 281 1829 1321 1888; baseline 0.004 -16"><span class='ocrx_word' id='word_1_103' title='bbox 281 1830 380 1875; x_wconf 88' lang='lat' dir='ltr'>tulit</span> <span class='ocrx_word' id='word_1_104' title='bbox 397 1829 742 1880; x_wconf 66' lang='lat' dir='ltr'>obedientiam2in</span> <span class='ocrx_word' id='word_1_105' title='bbox 773 1830 857 1887; x_wconf 87' lang='lat' dir='ltr'>ipso</span> <span class='ocrx_word' id='word_1_106' title='bbox 881 1845 1020 1876; x_wconf 89' lang='lat' dir='ltr'>rerum</span> <span class='ocrx_word' id='word_1_107' title='bbox 1040 1831 1228 1888; x_wconf 90' lang='lat' dir='ltr'>periculo</span> <span class='ocrx_word' id='word_1_108' title='bbox 1252 1833 1321 1876; x_wconf 91' lang='lat' dir='ltr'>ha-</span> 
     </span>
     <span class='ocr_line' id='line_1_23' title="bbox 280 1890 1320 1944; baseline 0.001 -12"><span class='ocrx_word' id='word_1_109' title='bbox 280 1890 375 1932; x_wconf 89' lang='lat' dir='ltr'>beat</span> <span class='ocrx_word' id='word_1_110' title='bbox 414 1890 487 1931; x_wconf 85' lang='lat' dir='ltr'>suae</span> <span class='ocrx_word' id='word_1_111' title='bbox 520 1890 741 1944; x_wconf 84' lang='lat' dir='ltr'>Dignitatis</span> <span class='ocrx_word' id='word_1_112' title='bbox 770 1891 969 1934; x_wconf 84' lang='lat' dir='ltr'>fautorem</span> <span class='ocrx_word' id='word_1_113' title='bbox 998 1905 1044 1933; x_wconf 89' lang='lat' dir='ltr'>ac</span> <span class='ocrx_word' id='word_1_114' title='bbox 1078 1891 1287 1934; x_wconf 89' lang='lat' dir='ltr'>vindicem</span> <span class='ocrx_word' id='word_1_115' title='bbox 1308 1921 1320 1933; x_wconf 90' lang='lat'>.</span> 
     </span>
     <span class='ocr_line' id='line_1_24' title="bbox 280 1947 1320 2010; baseline 0.004 -20"><span class='ocrx_word' id='word_1_116' title='bbox 280 1947 406 2010; x_wconf 86' lang='lat' dir='ltr'>Qod</span> <span class='ocrx_word' id='word_1_117' title='bbox 431 1947 614 2004; x_wconf 87' lang='lat' dir='ltr'>quidem,</span> <span class='ocrx_word' id='word_1_118' title='bbox 631 1951 655 1990; x_wconf 87' lang='lat' dir='ltr'>fi</span> <span class='ocrx_word' id='word_1_119' title='bbox 684 1959 765 1992; x_wconf 82' lang='lat' dir='ltr'>tam</span> <span class='ocrx_word' id='word_1_120' title='bbox 792 1948 970 1994; x_wconf 86' lang='lat' dir='ltr'>feliciter</span> <span class='ocrx_word' id='word_1_121' title='bbox 990 1949 1170 2005; x_wconf 79' lang='lat' dir='ltr'>praestare</span> <span class='ocrx_word' id='word_1_122' title='bbox 1190 1949 1320 2007; x_wconf 84' lang='lat' dir='ltr'>poffe-</span> 
     </span>
     <span class='ocr_line' id='line_1_25' title="bbox 279 2007 1319 2064; baseline 0 -14"><span class='ocrx_word' id='word_1_123' title='bbox 279 2021 366 2050; x_wconf 87' lang='lat' dir='ltr'>mus</span> <span class='ocrx_word' id='word_1_124' title='bbox 381 2007 543 2063; x_wconf 46' lang='lat' dir='ltr'>squam</span> <span class='ocrx_word' id='word_1_125' title='bbox 559 2008 733 2050; x_wconf 72' lang='lat' dir='ltr'>studiose</span> <span class='ocrx_word' id='word_1_126' title='bbox 755 2008 1072 2064; x_wconf 86' lang='lat' dir='ltr'>concupiscimus</span> <span class='ocrx_word' id='word_1_127' title='bbox 1086 2038 1102 2059; x_wconf 85' lang='lat'>‚</span> <span class='ocrx_word' id='word_1_128' title='bbox 1128 2007 1319 2052; x_wconf 68' lang='lat' dir='ltr'>confesta</span> 
     </span>
     <span class='ocr_line' id='line_1_26' title="bbox 279 2065 1316 2117; baseline 0.002 -9"><span class='ocrx_word' id='word_1_129' title='bbox 279 2065 371 2108; x_wconf 72' lang='lat' dir='ltr'>sane</span> <span class='ocrx_word' id='word_1_130' title='bbox 387 2079 450 2107; x_wconf 88' lang='lat' dir='ltr'>res</span> <span class='ocrx_word' id='word_1_131' title='bbox 467 2065 564 2107; x_wconf 80' lang='lat' dir='ltr'>effer</span> <span class='ocrx_word' id='word_1_132' title='bbox 580 2094 592 2117; x_wconf 87' lang='lat'>‚</span> <span class='ocrx_word' id='word_1_133' title='bbox 605 2067 644 2107; x_wconf 75' lang='grc' dir='ltr'>δι</span> <span class='ocrx_word' id='word_1_134' title='bbox 658 2067 956 2108; x_wconf 82' lang='lat' dir='ltr'>Haereticorum</span> <span class='ocrx_word' id='word_1_135' title='bbox 980 2067 1191 2109; x_wconf 86' lang='lat' dir='ltr'>temeritas</span> <span class='ocrx_word' id='word_1_136' title='bbox 1206 2082 1316 2110; x_wconf 91' lang='lat' dir='ltr'>com-</span> 
     </span>
     <span class='ocr_line' id='line_1_27' title="bbox 277 2121 1316 2182; baseline 0.003 -16"><span class='ocrx_word' id='word_1_137' title='bbox 277 2121 405 2181; x_wconf 77' lang='lat' dir='ltr'>pressa</span> <span class='ocrx_word' id='word_1_138' title='bbox 419 2124 712 2166; x_wconf 87' lang='lat' dir='ltr'>documentum</span> <span class='ocrx_word' id='word_1_139' title='bbox 730 2123 828 2168; x_wconf 80' lang='lat' dir='ltr'>effet</span> <span class='ocrx_word' id='word_1_140' title='bbox 843 2126 1007 2179; x_wconf 80' lang='lat' dir='ltr'>posteris</span> <span class='ocrx_word' id='word_1_141' title='bbox 1020 2152 1035 2174; x_wconf 68' lang='lat' dir='ltr'><strong>a</strong></span> <span class='ocrx_word' id='word_1_142' title='bbox 1061 2125 1181 2182; x_wconf 74' lang='lat' dir='ltr'>quam</span> <span class='ocrx_word' id='word_1_143' title='bbox 1208 2126 1316 2174; x_wconf 69' lang='lat' dir='ltr'>male</span> 
     </span>
     <span class='ocr_line' id='line_1_28' title="bbox 277 2182 1315 2241; baseline 0.003 -15"><span class='ocrx_word' id='word_1_144' title='bbox 277 2186 400 2226; x_wconf 86' lang='lat' dir='ltr'>rebus</span> <span class='ocrx_word' id='word_1_145' title='bbox 424 2182 498 2224; x_wconf 87' lang='lat' dir='ltr'>suis</span> <span class='ocrx_word' id='word_1_146' title='bbox 518 2182 730 2225; x_wconf 83' lang='lat' dir='ltr'>consulant</span> <span class='ocrx_word' id='word_1_147' title='bbox 746 2213 759 2236; x_wconf 84' lang='lat'>,</span> <span class='ocrx_word' id='word_1_148' title='bbox 787 2185 856 2239; x_wconf 91' lang='lat' dir='ltr'>qui</span> <span class='ocrx_word' id='word_1_149' title='bbox 872 2183 1029 2227; x_wconf 90' lang='lat' dir='ltr'>nefario</span> <span class='ocrx_word' id='word_1_150' title='bbox 1046 2184 1223 2241; x_wconf 85' lang='lat' dir='ltr'>perjurio</span> <span class='ocrx_word' id='word_1_151' title='bbox 1242 2186 1315 2229; x_wconf 90' lang='lat' dir='ltr'>ob·</span> 
     </span>
     <span class='ocr_line' id='line_1_29' title="bbox 280 2242 1316 2299; baseline 0.002 -15"><span class='ocrx_word' id='word_1_152' title='bbox 280 2242 404 2284; x_wconf 59' lang='lat' dir='ltr'>stricti</span> <span class='ocrx_word' id='word_1_153' title='bbox 422 2243 444 2285; x_wconf 74' lang='lat' dir='ltr'>a</span> <span class='ocrx_word' id='word_1_154' title='bbox 460 2242 660 2297; x_wconf 90' lang='lat' dir='ltr'>Principis</span> <span class='ocrx_word' id='word_1_155' title='bbox 677 2242 758 2295; x_wconf 85' lang='lat' dir='ltr'>sui,</span> <span class='ocrx_word' id='word_1_156' title='bbox 776 2254 899 2299; x_wconf 89' lang='lat' dir='ltr'>atque</span> <span class='ocrx_word' id='word_1_157' title='bbox 915 2243 1030 2298; x_wconf 86' lang='lat' dir='ltr'>ipfius</span> <span class='ocrx_word' id='word_1_158' title='bbox 1048 2245 1126 2285; x_wconf 92' lang='lat' dir='ltr'>Dei</span> <span class='ocrx_word' id='word_1_159' title='bbox 1142 2244 1316 2299; x_wconf 87' lang='lat' dir='ltr'>imperio</span> 
     </span>
     <span class='ocr_line' id='line_1_30' title="bbox 277 2297 1316 2358; baseline 0 -14"><span class='ocrx_word' id='word_1_160' title='bbox 277 2297 505 2344; x_wconf 89' lang='lat' dir='ltr'>desciscunt</span> <span class='ocrx_word' id='word_1_161' title='bbox 521 2327 533 2340; x_wconf 84' lang='lat'>.</span> <span class='ocrx_word' id='word_1_162' title='bbox 569 2303 707 2353; x_wconf 85' lang='lat' dir='ltr'>Nunc,</span> <span class='ocrx_word' id='word_1_163' title='bbox 722 2317 817 2345; x_wconf 87' lang='lat' dir='ltr'>cum</span> <span class='ocrx_word' id='word_1_164' title='bbox 839 2302 980 2344; x_wconf 84' lang='lat' dir='ltr'>nostrae</span> <span class='ocrx_word' id='word_1_165' title='bbox 993 2302 1118 2358; x_wconf 83' lang='lat' dir='ltr'>culpae</span> <span class='ocrx_word' id='word_1_166' title='bbox 1133 2303 1316 2346; x_wconf 88' lang='lat' dir='ltr'>tribuen-</span> 
     </span>
     <span class='ocr_line' id='line_1_31' title="bbox 278 2359 1318 2417; baseline 0 -14"><span class='ocrx_word' id='word_1_167' title='bbox 278 2362 375 2403; x_wconf 87' lang='lat' dir='ltr'>dum</span> <span class='ocrx_word' id='word_1_168' title='bbox 391 2359 437 2401; x_wconf 81' lang='lat' dir='ltr'>fit</span> <span class='ocrx_word' id='word_1_169' title='bbox 451 2359 588 2416; x_wconf 84' lang='lat' dir='ltr'>‚quod</span> <span class='ocrx_word' id='word_1_170' title='bbox 603 2360 888 2417; x_wconf 87' lang='lat' dir='ltr'>impendentes</span> <span class='ocrx_word' id='word_1_171' title='bbox 906 2360 1135 2405; x_wconf 86' lang='lat' dir='ltr'>Christiano</span> <span class='ocrx_word' id='word_1_172' title='bbox 1151 2361 1318 2405; x_wconf 89' lang='lat' dir='ltr'>Nomini</span> 
     </span>
     <span class='ocr_line' id='line_1_32' title="bbox 278 2418 1321 2476; baseline 0.001 -14"><span class='ocrx_word' id='word_1_173' title='bbox 278 2418 540 2475; x_wconf 80' lang='lat' dir='ltr'>tempestates</span> <span class='ocrx_word' id='word_1_174' title='bbox 561 2419 600 2460; x_wconf 91' lang='lat' dir='ltr'>in</span> <span class='ocrx_word' id='word_1_175' title='bbox 618 2434 752 2463; x_wconf 89' lang='lat' dir='ltr'>auram</span> <span class='ocrx_word' id='word_1_176' title='bbox 769 2448 783 2471; x_wconf 82' lang='lat'><strong>,</strong></span> <span class='ocrx_word' id='word_1_177' title='bbox 807 2418 1109 2476; x_wconf 60' lang='lat' dir='ltr'>perfec-‘tamque</span> <span class='ocrx_word' id='word_1_178' title='bbox 1123 2421 1321 2476; x_wconf 87' lang='lat' dir='ltr'>tranquil·</span> 
     </span>
     <span class='ocr_line' id='line_1_33' title="bbox 274 2478 1323 2537; baseline 0.001 -16"><span class='ocrx_word' id='word_1_179' title='bbox 274 2478 437 2521; x_wconf 82' lang='lat' dir='ltr'>litatem</span> <span class='ocrx_word' id='word_1_180' title='bbox 454 2478 631 2520; x_wconf 88' lang='lat' dir='ltr'>nondum</span> <span class='ocrx_word' id='word_1_181' title='bbox 647 2489 863 2523; x_wconf 85' lang='lat' dir='ltr'>convertat</span> <span class='ocrx_word' id='word_1_182' title='bbox 882 2482 923 2522; x_wconf 88' lang='lat' dir='ltr'>Is</span> <span class='ocrx_word' id='word_1_183' title='bbox 937 2506 952 2532; x_wconf 86' lang='lat'><strong>,</strong></span> <span class='ocrx_word' id='word_1_184' title='bbox 975 2478 1087 2536; x_wconf 86' lang='lat' dir='ltr'>cujus</span> <span class='ocrx_word' id='word_1_185' title='bbox 1104 2481 1193 2523; x_wconf 90' lang='lat' dir='ltr'>voci</span> <span class='ocrx_word' id='word_1_186' title='bbox 1209 2480 1323 2537; x_wconf 89' lang='lat' dir='ltr'>spiri-</span> 
     </span>
     <span class='ocr_line' id='line_1_34' title="bbox 274 2537 1319 2593; baseline 0.001 -14"><span class='ocrx_word' id='word_1_187' title='bbox 274 2547 339 2580; x_wconf 87' lang='lat' dir='ltr'>tus</span> <span class='ocrx_word' id='word_1_188' title='bbox 355 2537 632 2593; x_wconf 87' lang='lat' dir='ltr'>procellarum</span> <span class='ocrx_word' id='word_1_189' title='bbox 651 2537 898 2581; x_wconf 86' lang='lat' dir='ltr'>obsecundat</span> <span class='ocrx_word' id='word_1_190' title='bbox 914 2568 930 2589; x_wconf 93' lang='lat'>,</span> <span class='ocrx_word' id='word_1_191' title='bbox 963 2552 1043 2580; x_wconf 90' lang='lat' dir='ltr'>non</span> <span class='ocrx_word' id='word_1_192' title='bbox 1060 2549 1198 2583; x_wconf 88' lang='lat' dir='ltr'>tamen</span> <span class='ocrx_word' id='word_1_193' title='bbox 1215 2538 1319 2583; x_wconf 87' lang='lat' dir='ltr'>defi-</span> 
     </span>
     <span class='ocr_line' id='line_1_35' title="bbox 276 2596 1318 2654; baseline 0 -13"><span class='ocrx_word' id='word_1_194' title='bbox 276 2610 375 2641; x_wconf 82' lang='lat' dir='ltr'>cere</span> <span class='ocrx_word' id='word_1_195' title='bbox 389 2597 531 2638; x_wconf 85' lang='lat' dir='ltr'>animis</span> <span class='ocrx_word' id='word_1_196' title='bbox 547 2597 743 2639; x_wconf 82' lang='lat' dir='ltr'>debemus</span> <span class='ocrx_word' id='word_1_197' title='bbox 757 2625 771 2648; x_wconf 88' lang='lat'>‚</span> <span class='ocrx_word' id='word_1_198' title='bbox 795 2597 860 2640; x_wconf 82' lang='lat' dir='ltr'>sed</span> <span class='ocrx_word' id='word_1_199' title='bbox 885 2597 927 2640; x_wconf 89' lang='lat' dir='ltr'>in</span> <span class='ocrx_word' id='word_1_200' title='bbox 942 2596 1026 2654; x_wconf 87' lang='lat' dir='ltr'>ipso</span> <span class='ocrx_word' id='word_1_201' title='bbox 1040 2599 1162 2642; x_wconf 89' lang='lat' dir='ltr'>etiam</span> <span class='ocrx_word' id='word_1_202' title='bbox 1178 2598 1318 2641; x_wconf 84' lang='lat' dir='ltr'>discri-</span> 
     </span>
     <span class='ocr_line' id='line_1_36' title="bbox 275 2654 1318 2712; baseline 0.003 -15"><span class='ocrx_word' id='word_1_203' title='bbox 275 2656 385 2698; x_wconf 89' lang='lat' dir='ltr'>mine</span> <span class='ocrx_word' id='word_1_204' title='bbox 409 2656 583 2698; x_wconf 89' lang='lat' dir='ltr'>nostram</span> <span class='ocrx_word' id='word_1_205' title='bbox 601 2654 722 2698; x_wconf 87' lang='lat' dir='ltr'>fidem</span> <span class='ocrx_word' id='word_1_206' title='bbox 738 2684 753 2707; x_wconf 84' lang='lat'>‚</span> <span class='ocrx_word' id='word_1_207' title='bbox 778 2669 1025 2712; x_wconf 83' lang='lat' dir='ltr'>operamque</span> <span class='ocrx_word' id='word_1_208' title='bbox 1047 2656 1318 2700; x_wconf 85' lang='lat' dir='ltr'>accurratiffi-</span> 
     </span>
     <span class='ocr_line' id='line_1_37' title="bbox 277 2710 1314 2775; baseline 0.003 -19"><span class='ocrx_word' id='word_1_209' title='bbox 277 2714 341 2756; x_wconf 74' lang='lat' dir='ltr'>me</span> <span class='ocrx_word' id='word_1_210' title='bbox 365 2710 618 2768; x_wconf 85' lang='lat' dir='ltr'>Reipublicae</span> <span class='ocrx_word' id='word_1_211' title='bbox 643 2714 817 2770; x_wconf 82' lang='lat' dir='ltr'>probare</span> <span class='ocrx_word' id='word_1_212' title='bbox 831 2745 842 2757; x_wconf 89' lang='lat'><strong>.</strong></span> <span class='ocrx_word' id='word_1_213' title='bbox 874 2714 990 2775; x_wconf 85' lang='lat' dir='ltr'>Qid</span> <span class='ocrx_word' id='word_1_214' title='bbox 1021 2717 1209 2760; x_wconf 62' lang='lat' dir='ltr'>haetenus</span> <span class='ocrx_word' id='word_1_215' title='bbox 1241 2731 1314 2773; x_wconf 91' lang='lat' dir='ltr'>per</span> 
     </span>
     <span class='ocr_line' id='line_1_38' title="bbox 273 2772 1313 2830; baseline 0.002 -15"><span class='ocrx_word' id='word_1_216' title='bbox 273 2773 602 2816; x_wconf 83' lang='lat' dir='ltr'>imbecillitatem</span> <span class='ocrx_word' id='word_1_217' title='bbox 618 2772 789 2815; x_wconf 87' lang='lat' dir='ltr'>nostram</span> <span class='ocrx_word' id='word_1_218' title='bbox 803 2775 1101 2830; x_wconf 79' lang='lat' dir='ltr'>praestiterim‘us</span> <span class='ocrx_word' id='word_1_219' title='bbox 1115 2804 1130 2827; x_wconf 86' lang='lat'>‚</span> <span class='ocrx_word' id='word_1_220' title='bbox 1143 2786 1210 2820; x_wconf 93' lang='lat' dir='ltr'>aut</span> <span class='ocrx_word' id='word_1_221' title='bbox 1225 2790 1313 2819; x_wconf 89' lang='lat' dir='ltr'>cer-</span> 
     </span>
     <span class='ocr_line' id='line_1_39' title="bbox 276 2831 1318 2889; baseline 0.002 -15"><span class='ocrx_word' id='word_1_222' title='bbox 276 2831 319 2874; x_wconf 74' lang='lat' dir='ltr'>te</span> <span class='ocrx_word' id='word_1_223' title='bbox 335 2831 516 2889; x_wconf 87' lang='lat' dir='ltr'>praestare</span> <span class='ocrx_word' id='word_1_224' title='bbox 534 2831 798 2885; x_wconf 84' lang='lat' dir='ltr'>voluerimus,</span> <span class='ocrx_word' id='word_1_225' title='bbox 816 2847 895 2875; x_wconf 89' lang='lat' dir='ltr'>non</span> <span class='ocrx_word' id='word_1_226' title='bbox 911 2834 1318 2888; x_wconf 89' lang='lat' dir='ltr'>ignotumNobilitati</span> 
     </span>
     <span class='ocr_line' id='line_1_40' title="bbox 279 2890 1318 2947; baseline 0.005 -16"><span class='ocrx_word' id='word_1_227' title='bbox 279 2890 376 2935; x_wconf 87' lang='lat' dir='ltr'>Tuae</span> <span class='ocrx_word' id='word_1_228' title='bbox 402 2890 480 2934; x_wconf 80' lang='lat' dir='ltr'>effe</span> <span class='ocrx_word' id='word_1_229' title='bbox 504 2891 777 2943; x_wconf 82' lang='lat' dir='ltr'>arbitramur3</span> <span class='ocrx_word' id='word_1_230' title='bbox 807 2892 1047 2947; x_wconf 89' lang='lat' dir='ltr'>propediem</span> <span class='ocrx_word' id='word_1_231' title='bbox 1066 2893 1220 2939; x_wconf 73' lang='lat' dir='ltr'>veroid</span> <span class='ocrx_word' id='word_1_232' title='bbox 1245 2908 1318 2937; x_wconf 87' lang='lat' dir='ltr'>ex-</span> 
     </span>
     <span class='ocr_line' id='line_1_41' title="bbox 275 2948 1322 3007; baseline 0.004 -15"><span class='ocrx_word' id='word_1_233' title='bbox 275 2951 476 3007; x_wconf 90' lang='lat' dir='ltr'>plicatum</span> <span class='ocrx_word' id='word_1_234' title='bbox 491 2951 630 2994; x_wconf 88' lang='lat' dir='ltr'>audies</span> <span class='ocrx_word' id='word_1_235' title='bbox 646 2948 666 2991; x_wconf 79' lang='lat' dir='ltr'>a</span> <span class='ocrx_word' id='word_1_236' title='bbox 685 2952 849 2993; x_wconf 64' lang='lat' dir='ltr'>Dilefto</span> <span class='ocrx_word' id='word_1_237' title='bbox 867 2952 988 3002; x_wconf 76' lang='lat' dir='ltr'>Filio,</span> <span class='ocrx_word' id='word_1_238' title='bbox 1007 2954 1070 2994; x_wconf 86' lang='lat' dir='ltr'>Fr.</span> <span class='ocrx_word' id='word_1_239' title='bbox 1084 2952 1322 3007; x_wconf 87' lang='lat' dir='ltr'>Hyacintho</span> 
     </span>
     <span class='ocr_line' id='line_1_42' title="bbox 274 3008 1319 3067; baseline 0.001 -14"><span class='ocrx_word' id='word_1_240' title='bbox 274 3008 476 3053; x_wconf 84' lang='lat' dir='ltr'>Casalenfi</span> <span class='ocrx_word' id='word_1_241' title='bbox 493 3037 508 3061; x_wconf 88' lang='lat'><strong>,</strong></span> <span class='ocrx_word' id='word_1_242' title='bbox 526 3009 744 3064; x_wconf 80' lang='lat' dir='ltr'>Capucino</span> <span class='ocrx_word' id='word_1_243' title='bbox 769 3038 783 3061; x_wconf 85' lang='lat'>,</span> <span class='ocrx_word' id='word_1_244' title='bbox 810 3023 928 3064; x_wconf 86' lang='lat' dir='ltr'>quern</span> <span class='ocrx_word' id='word_1_245' title='bbox 958 3009 1055 3054; x_wconf 88' lang='lat' dir='ltr'>istuc</span> <span class='ocrx_word' id='word_1_246' title='bbox 1083 3011 1319 3067; x_wconf 75' lang='lat' dir='ltr'>gravissimis</span> 
     </span>
     <span class='ocr_line' id='line_1_43' title="bbox 276 3066 1316 3128; baseline 0.003 -18"><span class='ocrx_word' id='word_1_247' title='bbox 276 3067 452 3122; x_wconf 86' lang='lat' dir='ltr'>negotiis</span> <span class='ocrx_word' id='word_1_248' title='bbox 483 3068 703 3111; x_wconf 63' lang='lat' dir='ltr'>tractandis</span> <span class='ocrx_word' id='word_1_249' title='bbox 732 3066 984 3123; x_wconf 80' lang='lat' dir='ltr'>praefecimus</span> <span class='ocrx_word' id='word_1_250' title='bbox 1013 3099 1024 3112; x_wconf 91' lang='lat'><strong>.</strong></span> <span class='ocrx_word' id='word_1_251' title='bbox 1061 3070 1158 3128; x_wconf 90' lang='lat' dir='ltr'>Ejus</span> <span class='ocrx_word' id='word_1_252' title='bbox 1185 3069 1286 3114; x_wconf 84' lang='lat' dir='ltr'>fides</span> <span class='ocrx_word' id='word_1_253' title='bbox 1302 3100 1316 3124; x_wconf 87' lang='lat'><strong>,</strong></span> 
     </span>
     <span class='ocr_line' id='line_1_44' title="bbox 274 3127 1314 3184; baseline 0.005 -17"><span class='ocrx_word' id='word_1_254' title='bbox 274 3127 402 3180; x_wconf 85' lang='lat' dir='ltr'>pietas</span> <span class='ocrx_word' id='word_1_255' title='bbox 418 3156 432 3178; x_wconf 82' lang='lat'>‚</span> <span class='ocrx_word' id='word_1_256' title='bbox 458 3128 497 3169; x_wconf 63' lang='grc' dir='ltr'>ὃς</span> <span class='ocrx_word' id='word_1_257' title='bbox 523 3141 660 3170; x_wconf 90' lang='lat' dir='ltr'>rerum</span> <span class='ocrx_word' id='word_1_258' title='bbox 676 3129 1015 3172; x_wconf 78' lang='lat' dir='ltr'>Germanicarum</span> <span class='ocrx_word' id='word_1_259' title='bbox 1039 3131 1185 3184; x_wconf 79' lang='lat' dir='ltr'>peritia</span> <span class='ocrx_word' id='word_1_260' title='bbox 1210 3131 1314 3174; x_wconf 87' lang='lat' dir='ltr'>tanti</span> 
     </span>
     <span class='ocr_line' id='line_1_45' title="bbox 277 3185 1314 3244; baseline 0.005 -17"><span class='ocrx_word' id='word_1_261' title='bbox 277 3186 406 3227; x_wconf 88' lang='lat' dir='ltr'>Nobis</span> <span class='ocrx_word' id='word_1_262' title='bbox 425 3187 480 3227; x_wconf 87' lang='lat' dir='ltr'>est</span> <span class='ocrx_word' id='word_1_263' title='bbox 493 3215 507 3237; x_wconf 81' lang='lat'>‚</span> <span class='ocrx_word' id='word_1_264' title='bbox 522 3197 569 3229; x_wconf 90' lang='lat' dir='ltr'>ut</span> <span class='ocrx_word' id='word_1_265' title='bbox 584 3185 777 3239; x_wconf 87' lang='lat' dir='ltr'>eandem,</span> <span class='ocrx_word' id='word_1_266' title='bbox 791 3202 911 3242; x_wconf 86' lang='lat' dir='ltr'>quam</span> <span class='ocrx_word' id='word_1_267' title='bbox 930 3188 1058 3231; x_wconf 88' lang='lat' dir='ltr'>Nobis</span> <span class='ocrx_word' id='word_1_268' title='bbox 1070 3218 1086 3240; x_wconf 90' lang='lat'>,</span> <span class='ocrx_word' id='word_1_269' title='bbox 1104 3188 1171 3244; x_wconf 86' lang='lat' dir='ltr'>ipfi</span> <span class='ocrx_word' id='word_1_270' title='bbox 1191 3188 1314 3232; x_wconf 89' lang='lat' dir='ltr'>fidem</span> 
     </span>
     <span class='ocr_line' id='line_1_46' title="bbox 280 3243 1314 3301; baseline 0.008 -18"><span class='ocrx_word' id='word_1_271' title='bbox 280 3243 461 3286; x_wconf 87' lang='lat' dir='ltr'>adhiberi</span> <span class='ocrx_word' id='word_1_272' title='bbox 488 3245 734 3300; x_wconf 85' lang='lat' dir='ltr'>postulemus</span> <span class='ocrx_word' id='word_1_273' title='bbox 750 3276 760 3287; x_wconf 87' lang='lat'><strong>.</strong></span> <span class='ocrx_word' id='word_1_274' title='bbox 790 3245 887 3301; x_wconf 84' lang='lat' dir='ltr'>Ejus</span> <span class='ocrx_word' id='word_1_275' title='bbox 910 3257 1048 3290; x_wconf 82' lang='lat' dir='ltr'>autem</span> <span class='ocrx_word' id='word_1_276' title='bbox 1065 3246 1314 3300; x_wconf 80' lang='lat' dir='ltr'>confiliis,ut</span> 
     </span>
     <span class='ocr_line' id='line_1_47' title="bbox 281 3301 1320 3362; baseline 0.008 -21"><span class='ocrx_word' id='word_1_277' title='bbox 281 3301 393 3349; x_wconf 86' lang='lat' dir='ltr'>omni</span> <span class='ocrx_word' id='word_1_278' title='bbox 407 3316 486 3357; x_wconf 89' lang='lat' dir='ltr'>ope</span> <span class='ocrx_word' id='word_1_279' title='bbox 503 3314 626 3358; x_wconf 91' lang='lat' dir='ltr'>atque</span> <span class='ocrx_word' id='word_1_280' title='bbox 641 3306 891 3348; x_wconf 80' lang='lat' dir='ltr'>authoritate</span> <span class='ocrx_word' id='word_1_281' title='bbox 906 3333 921 3357; x_wconf 84' lang='lat'>‚</span> <span class='ocrx_word' id='word_1_282' title='bbox 944 3321 1024 3362; x_wconf 90' lang='lat' dir='ltr'>qua</span> <span class='ocrx_word' id='word_1_283' title='bbox 1051 3306 1184 3362; x_wconf 87' lang='lat' dir='ltr'>polles</span> <span class='ocrx_word' id='word_1_284' title='bbox 1198 3337 1214 3358; x_wconf 89' lang='lat'>,</span> <span class='ocrx_word' id='word_1_285' title='bbox 1238 3306 1320 3350; x_wconf 84' lang='lat' dir='ltr'>suf·</span> 
     </span>
     <span class='ocr_line' id='line_1_48' title="bbox 280 3358 1319 3422; baseline 0.01 -23"><span class='ocrx_word' id='word_1_286' title='bbox 280 3358 470 3413; x_wconf 88' lang='lat' dir='ltr'>frageris,</span> <span class='ocrx_word' id='word_1_287' title='bbox 486 3364 651 3417; x_wconf 86' lang='lat' dir='ltr'>Imperii</span> <span class='ocrx_word' id='word_1_288' title='bbox 671 3365 711 3405; x_wconf 87' lang='lat'>&amp;</span> <span class='ocrx_word' id='word_1_289' title='bbox 728 3364 957 3419; x_wconf 87' lang='lat' dir='ltr'>Religionis</span> <span class='ocrx_word' id='word_1_290' title='bbox 973 3379 1086 3408; x_wconf 84' lang='lat' dir='ltr'>amor</span> <span class='ocrx_word' id='word_1_291' title='bbox 1100 3367 1227 3422; x_wconf 85' lang='lat' dir='ltr'>exigit</span> <span class='ocrx_word' id='word_1_292' title='bbox 1241 3395 1255 3418; x_wconf 79' lang='lat'>,</span> <span class='ocrx_word' id='word_1_293' title='bbox 1279 3369 1319 3409; x_wconf 87' lang='lat'>&amp;</span> 
     </span>
     <span class='ocr_line' id='line_1_49' title="bbox 283 3420 1319 3478; baseline 0.009 -19"><span class='ocrx_word' id='word_1_294' title='bbox 283 3420 371 3459; x_wconf 84' lang='lat' dir='ltr'>Nos</span> <span class='ocrx_word' id='word_1_295' title='bbox 398 3420 516 3471; x_wconf 69' lang='lat' dir='ltr'>quam</span> <span class='ocrx_word' id='word_1_296' title='bbox 540 3422 689 3464; x_wconf 71' lang='lat' dir='ltr'>obnixe</span> <span class='ocrx_word' id='word_1_297' title='bbox 712 3423 969 3477; x_wconf 75' lang='lat' dir='ltr'>flagitamus,</span> <span class='ocrx_word' id='word_1_298' title='bbox 1003 3425 1069 3478; x_wconf 88' lang='lat' dir='ltr'>qui</span> <span class='ocrx_word' id='word_1_299' title='bbox 1097 3426 1319 3469; x_wconf 87' lang='lat' dir='ltr'>Nobilitati</span> 
     </span>
     <span class='ocr_line' id='line_1_50' title="bbox 281 3476 1319 3530; baseline 0.011 -13"><span class='ocrx_word' id='word_1_300' title='bbox 281 3476 382 3518; x_wconf 84' lang='lat' dir='ltr'>Tuae</span> <span class='ocrx_word' id='word_1_301' title='bbox 404 3477 678 3530; x_wconf 76' lang='lat' dir='ltr'>Apostolicam</span> <span class='ocrx_word' id='word_1_302' title='bbox 698 3484 870 3525; x_wconf 82' lang='lat' dir='ltr'>nostram</span> <span class='ocrx_word' id='word_1_303' title='bbox 885 3482 1215 3526; x_wconf 66' lang='lat' dir='ltr'>Benedictionem</span> <span class='ocrx_word' id='word_1_304' title='bbox 1238 3487 1319 3528; x_wconf 89' lang='lat' dir='ltr'>ite-</span> 
     </span>
     <span class='ocr_line' id='line_1_51' title="bbox 280 3539 1319 3601; baseline 0.013 -27"><span class='ocrx_word' id='word_1_305' title='bbox 280 3547 369 3576; x_wconf 87' lang='lat' dir='ltr'>rum</span> <span class='ocrx_word' id='word_1_306' title='bbox 386 3547 644 3600; x_wconf 84' lang='lat' dir='ltr'>peramanter</span> <span class='ocrx_word' id='word_1_307' title='bbox 661 3539 937 3594; x_wconf 81' lang='lat' dir='ltr'>impertimur.</span> <span class='ocrx_word' id='word_1_308' title='bbox 957 3545 1111 3585; x_wconf 78' lang='lat' dir='ltr'>Datum</span> <span class='ocrx_word' id='word_1_309' title='bbox 1127 3544 1319 3601; x_wconf 78' lang='lat' dir='ltr'>utsupra.</span> 
     </span>
    </p>
   </div>
   <div class='ocr_carea' id='block_1_12' title="bbox 311 3651 1317 3717">
    <p class='ocr_par' dir='ltr' id='par_1_13' title="bbox 311 3651 1317 3717">
     <span class='ocr_line' id='line_1_52' title="bbox 311 3651 1317 3717; baseline 0.017 -28"><span class='ocrx_word' id='word_1_310' title='bbox 311 3692 313 3694; x_wconf 62' lang='grc'>,</span> <span class='ocrx_word' id='word_1_311' title='bbox 339 3653 397 3695; x_wconf 79' lang='lat' dir='ltr'>Ex</span> <span class='ocrx_word' id='word_1_312' title='bbox 414 3651 534 3693; x_wconf 83' lang='lat' dir='ltr'>Arcb.</span> <span class='ocrx_word' id='word_1_313' title='bbox 550 3655 696 3698; x_wconf 58' lang='grc' dir='ltr'>δεινοί.</span> <span class='ocrx_word' id='word_1_314' title='bbox 714 3659 902 3704; x_wconf 63' lang='lat' dir='ltr'>Bra-vium</span> <span class='ocrx_word' id='word_1_315' title='bbox 926 3660 978 3704; x_wconf 89' lang='lat' dir='ltr'>ad</span> <span class='ocrx_word' id='word_1_316' title='bbox 995 3661 1206 3717; x_wconf 87' lang='lat' dir='ltr'>Principes</span> <span class='ocrx_word' id='word_1_317' title='bbox 1230 3662 1317 3712; x_wconf 54' lang='lat' dir='ltr'>&amp;a</span> 
     </span>
    </p>
   </div>
   <div class='ocr_carea' id='block_1_13' title="bbox 381 3708 549 3773">
    <p class='ocr_par' dir='ltr' id='par_1_14' title="bbox 381 3708 549 3773">
     <span class='ocr_line' id='line_1_53' title="bbox 381 3708 549 3773; baseline 0.006 -21"><span class='ocrx_word' id='word_1_318' title='bbox 381 3708 464 3773; x_wconf 82' lang='lat' dir='ltr'>sol.</span> <span class='ocrx_word' id='word_1_319' title='bbox 481 3723 549 3753; x_wconf 77' lang='lat' dir='ltr'>xt-</span> 
     </span>
    </p>
   </div>
   <div class='ocr_carea' id='block_1_14' title="bbox 1141 183 1611 335">
    <p class='ocr_par' dir='ltr' id='par_1_15' title="bbox 1141 183 1611 335">
     <span class='ocr_line' id='line_1_54' title="bbox 1141 183 1611 335; baseline -0.002 -21"><span class='ocrx_word' id='word_1_320' title='bbox 1141 183 1611 335; x_wconf 80' lang='lat' dir='ltr'>Custodia</span> 
     </span>
    </p>
   </div>
   <div class='ocr_carea' id='block_1_15' title="bbox 1642 343 2170 415">
    <p class='ocr_par' dir='ltr' id='par_1_16' title="bbox 1642 343 2170 415">
     <span class='ocr_line' id='line_1_55' title="bbox 1642 343 2170 415; baseline 0.002 -19"><span class='ocrx_word' id='word_1_321' title='bbox 1642 343 1824 396; x_wconf 84' lang='lat' dir='ltr'>Eodem</span> <span class='ocrx_word' id='word_1_322' title='bbox 1862 359 2136 415; x_wconf 85' lang='lat' dir='ltr'>argumento</span> <span class='ocrx_word' id='word_1_323' title='bbox 2154 355 2170 386; x_wconf 66' lang='grc' dir='ltr'>ἑ</span> 
     </span>
    </p>
   </div>
   <div class='ocr_carea' id='block_1_16' title="bbox 1385 461 2426 581">
    <p class='ocr_par' dir='ltr' id='par_1_17' title="bbox 1385 461 2426 581">
     <span class='ocr_line' id='line_1_56' title="bbox 1385 461 2426 526; baseline 0.001 -15"><span class='ocrx_word' id='word_1_324' title='bbox 1385 468 1424 511; x_wconf 83' lang='grc' dir='ltr'><strong>Α</strong></span> <span class='ocrx_word' id='word_1_325' title='bbox 1438 476 1585 522; x_wconf 84' lang='lat' dir='ltr'>tergo:</span> <span class='ocrx_word' id='word_1_326' title='bbox 1609 465 1760 508; x_wconf 65' lang='lat' dir='ltr'>Dileelo</span> <span class='ocrx_word' id='word_1_327' title='bbox 1774 461 1895 516; x_wconf 78' lang='lat' dir='ltr'>Filio,</span> <span class='ocrx_word' id='word_1_328' title='bbox 1912 465 2045 508; x_wconf 77' lang='lat' dir='ltr'>Nobili</span> <span class='ocrx_word' id='word_1_329' title='bbox 2062 465 2167 517; x_wconf 83' lang='lat' dir='ltr'>Viro,</span> <span class='ocrx_word' id='word_1_330' title='bbox 2182 467 2426 526; x_wconf 55' lang='lat' dir='ltr'>Wogffsgango</span> 
     </span>
     <span class='ocr_line' id='line_1_57' title="bbox 1537 525 2253 581; baseline -0.001 -13"><span class='ocrx_word' id='word_1_331' title='bbox 1537 555 1539 558; x_wconf 92' lang='lat'>-</span> <span class='ocrx_word' id='word_1_332' title='bbox 1564 525 1775 569; x_wconf 71' lang='lat' dir='ltr'>Guih‘clmo</span> <span class='ocrx_word' id='word_1_333' title='bbox 1790 551 1805 576; x_wconf 82' lang='lat'>‚</span> <span class='ocrx_word' id='word_1_334' title='bbox 1825 529 1931 569; x_wconf 65' lang='lat' dir='ltr'>Duc}</span> <span class='ocrx_word' id='word_1_335' title='bbox 1944 525 2147 581; x_wconf 82' lang='lat' dir='ltr'>Ncoburgi</span> <span class='ocrx_word' id='word_1_336' title='bbox 2171 525 2253 574; x_wconf 60' lang='lat' dir='ltr'>&amp;a</span> 
     </span>
    </p>
   </div>
   <div class='ocr_carea' id='block_1_17' title="bbox 1428 630 2396 700">
    <p class='ocr_par' dir='ltr' id='par_1_18' title="bbox 1428 630 2396 700">
     <span class='ocr_line' id='line_1_58' title="bbox 1428 630 2396 700; baseline 0.001 -5"><span class='ocrx_word' id='word_1_337' title='bbox 1428 646 1948 700; x_wconf 83' lang='lat' dir='ltr'>GREGORIUS</span> <span class='ocrx_word' id='word_1_338' title='bbox 2004 646 2214 696; x_wconf 85' lang='lat' dir='ltr'>PAPA</span> <span class='ocrx_word' id='word_1_339' title='bbox 2267 630 2396 697; x_wconf 81' lang='lat' dir='ltr'>xv.</span> 
     </span>
    </p>
   </div>
   <div class='ocr_carea' id='block_1_18' title="bbox 1390 762 2425 868">
    <p class='ocr_par' dir='ltr' id='par_1_19' title="bbox 1390 762 2425 868">
     <span class='ocr_line' id='line_1_59' title="bbox 1390 762 2425 823; baseline -0.003 -15"><span class='ocrx_word' id='word_1_340' title='bbox 1390 762 1550 809; x_wconf 47' lang='lat' dir='ltr'>Diti-ele</span> <span class='ocrx_word' id='word_1_341' title='bbox 1571 764 1656 811; x_wconf 83' lang='lat' dir='ltr'>Fili</span> <span class='ocrx_word' id='word_1_342' title='bbox 1668 792 1683 817; x_wconf 80' lang='lat'><strong>,</strong></span> <span class='ocrx_word' id='word_1_343' title='bbox 1709 764 1864 807; x_wconf 75' lang='lat' dir='ltr'>Nobilis</span> <span class='ocrx_word' id='word_1_344' title='bbox 1885 766 1950 808; x_wconf 69' lang='lat' dir='ltr'>Vin</span> <span class='ocrx_word' id='word_1_345' title='bbox 1962 796 1977 816; x_wconf 83' lang='lat'>‚</span> <span class='ocrx_word' id='word_1_346' title='bbox 1994 765 2170 821; x_wconf 54' lang='lat' dir='ltr'>salutem</span> <span class='ocrx_word' id='word_1_347' title='bbox 2188 763 2242 816; x_wconf 66' lang='grc' dir='ltr'>ὠ·</span> <span class='ocrx_word' id='word_1_348' title='bbox 2258 764 2425 823; x_wconf 75' lang='lat' dir='ltr'>Aposto.‘</span> 
     </span>
     <span class='ocr_line' id='line_1_60' title="bbox 1668 823 2143 868; baseline 0.002 -3"><span class='ocrx_word' id='word_1_349' title='bbox 1668 824 1785 867; x_wconf 76' lang='lat' dir='ltr'>licam</span> <span class='ocrx_word' id='word_1_350' title='bbox 1811 823 2118 868; x_wconf 66' lang='lat' dir='ltr'>Benedifflonem</span> <span class='ocrx_word' id='word_1_351' title='bbox 2132 854 2143 866; x_wconf 89' lang='lat'><em>.</em></span> 
     </span>
    </p>
   </div>
   <div class='ocr_carea' id='block_1_19' title="bbox 1375 943 2431 3365">
    <p class='ocr_par' dir='ltr' id='par_1_20' title="bbox 1375 943 2431 3365">
     <span class='ocr_line' id='line_1_61' title="bbox 1507 943 2430 999; baseline 0 -13"><span class='ocrx_word' id='word_1_352' title='bbox 1507 944 1752 999; x_wconf 89' lang='lat' dir='ltr'>Ompertum</span> <span class='ocrx_word' id='word_1_353' title='bbox 1781 943 1839 986; x_wconf 86' lang='lat' dir='ltr'>est</span> <span class='ocrx_word' id='word_1_354' title='bbox 1866 944 2088 988; x_wconf 82' lang='lat' dir='ltr'>Nobilitati</span> <span class='ocrx_word' id='word_1_355' title='bbox 2117 945 2243 995; x_wconf 82' lang='lat' dir='ltr'>Tuae,</span> <span class='ocrx_word' id='word_1_356' title='bbox 2267 951 2430 999; x_wconf 83' lang='lat' dir='ltr'>quantae</span> 
     </span>
     <span class='ocr_line' id='line_1_62' title="bbox 1394 1001 2428 1058; baseline 0.004 -16"><span class='ocrx_word' id='word_1_357' title='bbox 1394 1040 1396 1042; x_wconf 87' lang='lat'>.</span> <span class='ocrx_word' id='word_1_358' title='bbox 1538 1001 1666 1046; x_wconf 89' lang='lat' dir='ltr'>Nobis</span> <span class='ocrx_word' id='word_1_359' title='bbox 1700 1001 1963 1045; x_wconf 88' lang='lat' dir='ltr'>sollicitudini</span> <span class='ocrx_word' id='word_1_360' title='bbox 1991 1002 2040 1045; x_wconf 80' lang='lat' dir='ltr'>sit</span> <span class='ocrx_word' id='word_1_361' title='bbox 2060 1031 2074 1054; x_wconf 85' lang='lat'><em>‚</em></span> <span class='ocrx_word' id='word_1_362' title='bbox 2114 1004 2155 1044; x_wconf 88' lang='lat'>&amp;</span> <span class='ocrx_word' id='word_1_363' title='bbox 2183 1005 2428 1058; x_wconf 80' lang='lat' dir='ltr'>perturbatae</span> 
     </span>
     <span class='ocr_line' id='line_1_63' title="bbox 1385 1061 2428 1117; baseline -0.001 -12"><span class='ocrx_word' id='word_1_364' title='bbox 1385 1061 1618 1105; x_wconf 88' lang='lat' dir='ltr'>Germaniae</span> <span class='ocrx_word' id='word_1_365' title='bbox 1633 1089 1646 1113; x_wconf 89' lang='lat'><strong>,</strong></span> <span class='ocrx_word' id='word_1_366' title='bbox 1671 1063 1709 1105; x_wconf 86' lang='lat'>&amp;</span> <span class='ocrx_word' id='word_1_367' title='bbox 1736 1061 2006 1117; x_wconf 79' lang='lat' dir='ltr'>periclitantis</span> <span class='ocrx_word' id='word_1_368' title='bbox 2025 1061 2256 1117; x_wconf 85' lang='lat' dir='ltr'>Religionis</span> <span class='ocrx_word' id='word_1_369' title='bbox 2271 1063 2428 1107; x_wconf 78' lang='lat' dir='ltr'>status:</span> 
     </span>
     <span class='ocr_line' id='line_1_64' title="bbox 1385 1119 2431 1178; baseline -0.002 -14"><span class='ocrx_word' id='word_1_370' title='bbox 1385 1135 1498 1164; x_wconf 83' lang='lat' dir='ltr'>arma</span> <span class='ocrx_word' id='word_1_371' title='bbox 1520 1122 1628 1164; x_wconf 86' lang='lat' dir='ltr'>enim</span> <span class='ocrx_word' id='word_1_372' title='bbox 1645 1149 1659 1172; x_wconf 80' lang='lat'>‚</span> <span class='ocrx_word' id='word_1_373' title='bbox 1684 1134 1771 1178; x_wconf 83' lang='lat' dir='ltr'>quae</span> <span class='ocrx_word' id='word_1_374' title='bbox 1788 1120 1937 1165; x_wconf 88' lang='lat' dir='ltr'>Divino</span> <span class='ocrx_word' id='word_1_375' title='bbox 1952 1119 2099 1164; x_wconf 91' lang='lat' dir='ltr'>Cultui</span> <span class='ocrx_word' id='word_1_376' title='bbox 2114 1120 2337 1176; x_wconf 88' lang='lat' dir='ltr'>perniciem</span> <span class='ocrx_word' id='word_1_377' title='bbox 2352 1121 2431 1162; x_wconf 90' lang='lat' dir='ltr'>rni-</span> 
     </span>
     <span class='ocr_line' id='line_1_65' title="bbox 1383 1179 2429 1236; baseline -0.002 -12"><span class='ocrx_word' id='word_1_378' title='bbox 1383 1181 1595 1231; x_wconf 81' lang='lat' dir='ltr'>nitantur,</span> <span class='ocrx_word' id='word_1_379' title='bbox 1630 1182 1814 1224; x_wconf 86' lang='lat' dir='ltr'>Paternae</span> <span class='ocrx_word' id='word_1_380' title='bbox 1844 1194 2007 1236; x_wconf 89' lang='lat' dir='ltr'>quoque</span> <span class='ocrx_word' id='word_1_381' title='bbox 2030 1180 2242 1223; x_wconf 81' lang='lat' dir='ltr'>charitatis</span> <span class='ocrx_word' id='word_1_382' title='bbox 2272 1179 2429 1224; x_wconf 86' lang='lat' dir='ltr'>Nostrae</span> 
     </span>
     <span class='ocr_line' id='line_1_66' title="bbox 1383 1238 2430 1294; baseline 0 -13"><span class='ocrx_word' id='word_1_383' title='bbox 1383 1239 1535 1282; x_wconf 78' lang='lat' dir='ltr'>viscera</span> <span class='ocrx_word' id='word_1_384' title='bbox 1562 1238 1808 1282; x_wconf 86' lang='lat' dir='ltr'>vulnerant:</span> <span class='ocrx_word' id='word_1_385' title='bbox 1842 1241 1926 1294; x_wconf 82' lang='lat' dir='ltr'>quo</span> <span class='ocrx_word' id='word_1_386' title='bbox 1950 1240 2080 1283; x_wconf 73' lang='lat' dir='ltr'>acrius</span> <span class='ocrx_word' id='word_1_387' title='bbox 2106 1240 2144 1280; x_wconf 87' lang='lat'>&amp;</span> <span class='ocrx_word' id='word_1_388' title='bbox 2163 1238 2360 1291; x_wconf 73' lang='lat' dir='ltr'>publicae,</span> <span class='ocrx_word' id='word_1_389' title='bbox 2389 1241 2430 1281; x_wconf 87' lang='lat'>&amp;</span> 
     </span>
     <span class='ocr_line' id='line_1_67' title="bbox 1381 1297 2429 1356; baseline -0.001 -16"><span class='ocrx_word' id='word_1_390' title='bbox 1381 1300 1547 1356; x_wconf 86' lang='lat' dir='ltr'>privatae</span> <span class='ocrx_word' id='word_1_391' title='bbox 1575 1299 1698 1342; x_wconf 81' lang='lat' dir='ltr'>causa:</span> <span class='ocrx_word' id='word_1_392' title='bbox 1717 1297 2268 1347; x_wconf 73' lang='lat' dir='ltr'>inserviente8,enitendum</span> <span class='ocrx_word' id='word_1_393' title='bbox 2299 1299 2429 1342; x_wconf 87' lang='lat' dir='ltr'>Nobis</span> 
     </span>
     <span class='ocr_line' id='line_1_68' title="bbox 1382 1355 2429 1413; baseline 0 -14"><span class='ocrx_word' id='word_1_394' title='bbox 1382 1355 1461 1399; x_wconf 82' lang='lat' dir='ltr'>effe</span> <span class='ocrx_word' id='word_1_395' title='bbox 1475 1356 1744 1412; x_wconf 87' lang='lat' dir='ltr'>intelligimus</span> <span class='ocrx_word' id='word_1_396' title='bbox 1761 1386 1775 1409; x_wconf 89' lang='lat'>,</span> <span class='ocrx_word' id='word_1_397' title='bbox 1789 1368 1831 1399; x_wconf 90' lang='lat' dir='ltr'>ut</span> <span class='ocrx_word' id='word_1_398' title='bbox 1846 1370 1894 1400; x_wconf 91' lang='lat' dir='ltr'>ea</span> <span class='ocrx_word' id='word_1_399' title='bbox 1908 1357 1930 1400; x_wconf 76' lang='grc' dir='ltr'>ὲ</span> <span class='ocrx_word' id='word_1_400' title='bbox 1947 1358 2129 1401; x_wconf 90' lang='lat' dir='ltr'>cruentis</span> <span class='ocrx_word' id='word_1_401' title='bbox 2146 1357 2429 1413; x_wconf 85' lang='lat' dir='ltr'>perduellium</span> 
     </span>
     <span class='ocr_line' id='line_1_69' title="bbox 1383 1416 2424 1473; baseline 0 -13"><span class='ocrx_word' id='word_1_402' title='bbox 1383 1416 1683 1460; x_wconf 83' lang='lat' dir='ltr'>Haereticorum</span> <span class='ocrx_word' id='word_1_403' title='bbox 1714 1416 1895 1460; x_wconf 86' lang='lat' dir='ltr'>manibus</span> <span class='ocrx_word' id='word_1_404' title='bbox 1923 1427 2239 1473; x_wconf 83' lang='lat' dir='ltr'>extorqueamus</span> <span class='ocrx_word' id='word_1_405' title='bbox 2261 1446 2273 1457; x_wconf 89' lang='lat'><strong>.</strong></span> <span class='ocrx_word' id='word_1_406' title='bbox 2317 1416 2424 1460; x_wconf 71' lang='lat' dir='ltr'>Sane</span> 
     </span>
     <span class='ocr_line' id='line_1_70' title="bbox 1384 1471 2424 1527; baseline -0.002 -8"><span class='ocrx_word' id='word_1_407' title='bbox 1384 1474 1665 1519; x_wconf 76' lang='lat' dir='ltr'>misericordiae</span> <span class='ocrx_word' id='word_1_408' title='bbox 1681 1477 1752 1518; x_wconf 86' lang='lat' dir='ltr'>suae</span> <span class='ocrx_word' id='word_1_409' title='bbox 1771 1476 1941 1518; x_wconf 88' lang='lat' dir='ltr'>oblitum</span> <span class='ocrx_word' id='word_1_410' title='bbox 1959 1490 2037 1518; x_wconf 91' lang='lat' dir='ltr'>non</span> <span class='ocrx_word' id='word_1_411' title='bbox 2058 1471 2134 1520; x_wconf 83' lang='lat' dir='ltr'>effe</span> <span class='ocrx_word' id='word_1_412' title='bbox 2153 1479 2286 1518; x_wconf 80' lang='lat' dir='ltr'>Deum</span> <span class='ocrx_word' id='word_1_413' title='bbox 2300 1505 2316 1527; x_wconf 92' lang='lat'>,</span> <span class='ocrx_word' id='word_1_414' title='bbox 2346 1477 2424 1518; x_wconf 85' lang='lat' dir='ltr'>Vi-</span> 
     </span>
     <span class='ocr_line' id='line_1_71' title="bbox 1382 1534 2426 1591; baseline 0 -14"><span class='ocrx_word' id='word_1_415' title='bbox 1382 1535 1516 1583; x_wconf 67' lang='lat' dir='ltr'>&amp;oriae</span> <span class='ocrx_word' id='word_1_416' title='bbox 1533 1534 1764 1577; x_wconf 83' lang='lat' dir='ltr'>Bohernicae</span> <span class='ocrx_word' id='word_1_417' title='bbox 1786 1545 1910 1591; x_wconf 88' lang='lat' dir='ltr'>atque</span> <span class='ocrx_word' id='word_1_418' title='bbox 1925 1536 2167 1590; x_wconf 83' lang='lat' dir='ltr'>Hungaricae</span> <span class='ocrx_word' id='word_1_419' title='bbox 2190 1534 2426 1578; x_wconf 86' lang='lat' dir='ltr'>luculenter</span> 
     </span>
     <span class='ocr_line' id='line_1_72' title="bbox 1383 1592 2425 1649; baseline -0.001 -11"><span class='ocrx_word' id='word_1_420' title='bbox 1383 1593 1678 1638; x_wconf 79' lang='lat' dir='ltr'>testificantur.</span> <span class='ocrx_word' id='word_1_421' title='bbox 1712 1592 1794 1638; x_wconf 89' lang='lat' dir='ltr'>Sed</span> <span class='ocrx_word' id='word_1_422' title='bbox 1819 1607 1911 1636; x_wconf 88' lang='lat' dir='ltr'>cum</span> <span class='ocrx_word' id='word_1_423' title='bbox 1936 1593 2034 1637; x_wconf 91' lang='lat' dir='ltr'>inde</span> <span class='ocrx_word' id='word_1_424' title='bbox 2061 1593 2322 1649; x_wconf 88' lang='lat' dir='ltr'>exploratum</span> <span class='ocrx_word' id='word_1_425' title='bbox 2351 1592 2425 1643; x_wconf 75' lang='lat' dir='ltr'>fit,</span> 
     </span>
     <span class='ocr_line' id='line_1_73' title="bbox 1382 1650 2426 1710; baseline 0.002 -15"><span class='ocrx_word' id='word_1_426' title='bbox 1382 1650 1575 1710; x_wconf 73' lang='lat' dir='ltr'>quantum</span> <span class='ocrx_word' id='word_1_427' title='bbox 1597 1666 1682 1698; x_wconf 86' lang='lat' dir='ltr'>non</span> <span class='ocrx_word' id='word_1_428' title='bbox 1704 1652 1831 1696; x_wconf 73' lang='lat' dir='ltr'>solum</span> <span class='ocrx_word' id='word_1_429' title='bbox 1854 1651 1998 1705; x_wconf 70' lang='lat' dir='ltr'>causa,</span> <span class='ocrx_word' id='word_1_430' title='bbox 2026 1652 2094 1696; x_wconf 92' lang='lat' dir='ltr'>sed</span> <span class='ocrx_word' id='word_1_431' title='bbox 2120 1652 2270 1695; x_wconf 89' lang='lat' dir='ltr'>viribus</span> <span class='ocrx_word' id='word_1_432' title='bbox 2291 1652 2426 1697; x_wconf 77' lang='lat' dir='ltr'>valea-</span> 
     </span>
     <span class='ocr_line' id='line_1_74' title="bbox 1384 1710 2428 1768; baseline -0.005 -12"><span class='ocrx_word' id='word_1_433' title='bbox 1384 1727 1502 1764; x_wconf 81' lang='lat' dir='ltr'>mus,</span> <span class='ocrx_word' id='word_1_434' title='bbox 1534 1710 1677 1754; x_wconf 77' lang='lat' dir='ltr'>sedulo</span> <span class='ocrx_word' id='word_1_435' title='bbox 1695 1711 1828 1756; x_wconf 80' lang='lat' dir='ltr'>danda</span> <span class='ocrx_word' id='word_1_436' title='bbox 1846 1726 1972 1768; x_wconf 88' lang='lat' dir='ltr'>opera</span> <span class='ocrx_word' id='word_1_437' title='bbox 1988 1712 2072 1763; x_wconf 86' lang='lat' dir='ltr'>est,</span> <span class='ocrx_word' id='word_1_438' title='bbox 2105 1726 2155 1754; x_wconf 89' lang='lat' dir='ltr'>ne</span> <span class='ocrx_word' id='word_1_439' title='bbox 2179 1712 2308 1754; x_wconf 89' lang='lat' dir='ltr'>Nobis</span> <span class='ocrx_word' id='word_1_440' title='bbox 2335 1721 2428 1756; x_wconf 79' lang='lat' dir='ltr'>tan-</span> 
     </span>
     <span class='ocr_line' id='line_1_75' title="bbox 1384 1769 2429 1827; baseline 0 -12"><span class='ocrx_word' id='word_1_441' title='bbox 1384 1783 1432 1815; x_wconf 86' lang='lat' dir='ltr'>tae</span> <span class='ocrx_word' id='word_1_442' title='bbox 1457 1770 1540 1827; x_wconf 86' lang='lat' dir='ltr'>spei</span> <span class='ocrx_word' id='word_1_443' title='bbox 1564 1771 1933 1824; x_wconf 76' lang='lat' dir='ltr'>indormientibus,</span> <span class='ocrx_word' id='word_1_444' title='bbox 1961 1781 2031 1814; x_wconf 92' lang='lat' dir='ltr'>aut</span> <span class='ocrx_word' id='word_1_445' title='bbox 2047 1769 2324 1814; x_wconf 85' lang='lat' dir='ltr'>diffidentium</span> <span class='ocrx_word' id='word_1_446' title='bbox 2343 1770 2429 1815; x_wconf 83' lang='lat' dir='ltr'>sen-</span> 
     </span>
     <span class='ocr_line' id='line_1_76' title="bbox 1383 1830 2426 1885; baseline 0.001 -12"><span class='ocrx_word' id='word_1_447' title='bbox 1383 1832 1603 1875; x_wconf 82' lang='lat' dir='ltr'>tentiarum</span> <span class='ocrx_word' id='word_1_448' title='bbox 1618 1832 1938 1883; x_wconf 72' lang='lat' dir='ltr'>contentione3‚</span> <span class='ocrx_word' id='word_1_449' title='bbox 1960 1842 2028 1875; x_wconf 91' lang='lat' dir='ltr'>aut</span> <span class='ocrx_word' id='word_1_450' title='bbox 2054 1830 2198 1885; x_wconf 83' lang='lat' dir='ltr'>ingrati</span> <span class='ocrx_word' id='word_1_451' title='bbox 2227 1831 2264 1873; x_wconf 90' lang='lat' dir='ltr'>in</span> <span class='ocrx_word' id='word_1_452' title='bbox 2295 1833 2426 1874; x_wconf 89' lang='lat' dir='ltr'>Rem-</span> 
     </span>
     <span class='ocr_line' id='line_1_77' title="bbox 1382 1889 2427 1948; baseline 0 -14"><span class='ocrx_word' id='word_1_453' title='bbox 1382 1891 1588 1948; x_wconf 88' lang='lat' dir='ltr'>publicam</span> <span class='ocrx_word' id='word_1_454' title='bbox 1614 1891 1736 1933; x_wconf 91' lang='lat' dir='ltr'>animi</span> <span class='ocrx_word' id='word_1_455' title='bbox 1753 1889 1986 1934; x_wconf 75' lang='lat' dir='ltr'>vecordiam</span> <span class='ocrx_word' id='word_1_456' title='bbox 2011 1889 2305 1946; x_wconf 86' lang='lat' dir='ltr'>consequentes</span> <span class='ocrx_word' id='word_1_457' title='bbox 2328 1901 2427 1934; x_wconf 76' lang='lat' dir='ltr'>aeta-</span> 
     </span>
     <span class='ocr_line' id='line_1_78' title="bbox 1382 1948 2428 2005; baseline 0.001 -12"><span class='ocrx_word' id='word_1_458' title='bbox 1382 1962 1448 1994; x_wconf 86' lang='lat' dir='ltr'>tes</span> <span class='ocrx_word' id='word_1_459' title='bbox 1472 1963 1650 2005; x_wconf 88' lang='lat' dir='ltr'>unquam</span> <span class='ocrx_word' id='word_1_460' title='bbox 1667 1948 1741 1991; x_wconf 88' lang='lat' dir='ltr'>fint</span> <span class='ocrx_word' id='word_1_461' title='bbox 1755 1948 2059 2004; x_wconf 78' lang='lat' dir='ltr'>exprobraturae</span> <span class='ocrx_word' id='word_1_462' title='bbox 2072 1977 2084 1988; x_wconf 94' lang='lat'>.</span> <span class='ocrx_word' id='word_1_463' title='bbox 2117 1952 2207 1991; x_wconf 85' lang='lat' dir='ltr'>Nos</span> <span class='ocrx_word' id='word_1_464' title='bbox 2227 1949 2428 2003; x_wconf 70' lang='lat' dir='ltr'>quidem.»</span> 
     </span>
     <span class='ocr_line' id='line_1_79' title="bbox 1379 2007 2425 2066; baseline 0.001 -16"><span class='ocrx_word' id='word_1_465' title='bbox 1379 2023 1455 2066; x_wconf 91' lang='lat' dir='ltr'>pro</span> <span class='ocrx_word' id='word_1_466' title='bbox 1479 2009 1625 2051; x_wconf 80' lang='lat' dir='ltr'>Nostra</span> <span class='ocrx_word' id='word_1_467' title='bbox 1647 2007 1840 2050; x_wconf 80' lang='lat' dir='ltr'>Pastorali</span> <span class='ocrx_word' id='word_1_468' title='bbox 1864 2021 1960 2049; x_wconf 91' lang='lat' dir='ltr'>cura</span> <span class='ocrx_word' id='word_1_469' title='bbox 1975 2035 1990 2058; x_wconf 86' lang='lat'><strong>,</strong></span> <span class='ocrx_word' id='word_1_470' title='bbox 2017 2020 2138 2062; x_wconf 91' lang='lat' dir='ltr'>quam</span> <span class='ocrx_word' id='word_1_471' title='bbox 2156 2008 2425 2062; x_wconf 86' lang='lat' dir='ltr'>peculiariter</span> 
     </span>
     <span class='ocr_line' id='line_1_80' title="bbox 1379 2066 2423 2122; baseline 0 -12"><span class='ocrx_word' id='word_1_472' title='bbox 1379 2070 1572 2111; x_wconf 80' lang='lat' dir='ltr'>Romano</span> <span class='ocrx_word' id='word_1_473' title='bbox 1598 2066 1809 2122; x_wconf 82' lang='lat' dir='ltr'>Imperio,</span> <span class='ocrx_word' id='word_1_474' title='bbox 1837 2080 1883 2109; x_wconf 91' lang='lat' dir='ltr'>ac</span> <span class='ocrx_word' id='word_1_475' title='bbox 1901 2067 2166 2109; x_wconf 82' lang='lat' dir='ltr'>tumultuanti</span> <span class='ocrx_word' id='word_1_476' title='bbox 2192 2067 2423 2110; x_wconf 70' lang='lat' dir='ltr'>Germaniae</span> 
     </span>
     <span class='ocr_line' id='line_1_81' title="bbox 1376 2124 2418 2181; baseline -0.002 -11"><span class='ocrx_word' id='word_1_477' title='bbox 1376 2128 1436 2171; x_wconf 83' lang='lat' dir='ltr'>his</span> <span class='ocrx_word' id='word_1_478' title='bbox 1451 2126 1701 2181; x_wconf 88' lang='lat' dir='ltr'>temporibus</span> <span class='ocrx_word' id='word_1_479' title='bbox 1714 2125 1924 2176; x_wconf 75' lang='lat' dir='ltr'>debemus,</span> <span class='ocrx_word' id='word_1_480' title='bbox 1939 2124 2037 2167; x_wconf 90' lang='lat' dir='ltr'>nihil</span> <span class='ocrx_word' id='word_1_481' title='bbox 2054 2126 2418 2180; x_wconf 82' lang='lat' dir='ltr'>praetermittimus,</span> 
     </span>
     <span class='ocr_line' id='line_1_82' title="bbox 1375 2183 2422 2242; baseline 0 -15"><span class='ocrx_word' id='word_1_482' title='bbox 1375 2187 1456 2242; x_wconf 75' lang='lat' dir='ltr'>quo</span> <span class='ocrx_word' id='word_1_483' title='bbox 1479 2185 1583 2227; x_wconf 89' lang='lat' dir='ltr'>istius</span> <span class='ocrx_word' id='word_1_484' title='bbox 1601 2184 1822 2227; x_wconf 88' lang='lat' dir='ltr'>Provinciae</span> <span class='ocrx_word' id='word_1_485' title='bbox 1849 2183 2150 2234; x_wconf 83' lang='lat' dir='ltr'>incolumitati,</span> <span class='ocrx_word' id='word_1_486' title='bbox 2176 2184 2216 2224; x_wconf 89' lang='lat'>&amp;</span> <span class='ocrx_word' id='word_1_487' title='bbox 2231 2185 2422 2240; x_wconf 84' lang='lat' dir='ltr'>Religio-</span> 
     </span>
     <span class='ocr_line' id='line_1_83' title="bbox 1378 2242 2421 2299; baseline 0.001 -12"><span class='ocrx_word' id='word_1_488' title='bbox 1378 2246 1437 2287; x_wconf 88' lang='lat' dir='ltr'>nis</span> <span class='ocrx_word' id='word_1_489' title='bbox 1463 2243 1692 2286; x_wconf 80' lang='lat' dir='ltr'>Catholicae-</span> <span class='ocrx_word' id='word_1_490' title='bbox 1723 2243 1923 2299; x_wconf 86' lang='lat' dir='ltr'>Dignitati</span> <span class='ocrx_word' id='word_1_491' title='bbox 1955 2242 2207 2285; x_wconf 88' lang='lat' dir='ltr'>consulamus</span> <span class='ocrx_word' id='word_1_492' title='bbox 2240 2272 2252 2284; x_wconf 93' lang='lat'><strong>.</strong></span> <span class='ocrx_word' id='word_1_493' title='bbox 2295 2246 2421 2288; x_wconf 83' lang='lat' dir='ltr'>Nunc</span> 
     </span>
     <span class='ocr_line' id='line_1_84' title="bbox 1379 2299 2427 2358; baseline 0.001 -12"><span class='ocrx_word' id='word_1_494' title='bbox 1379 2306 1480 2347; x_wconf 78' lang='lat' dir='ltr'>vero</span> <span class='ocrx_word' id='word_1_495' title='bbox 1492 2302 1666 2358; x_wconf 67' lang='lat' dir='ltr'>spectata</span> <span class='ocrx_word' id='word_1_496' title='bbox 1682 2301 1764 2344; x_wconf 87' lang='lat' dir='ltr'>fide</span> <span class='ocrx_word' id='word_1_497' title='bbox 1779 2300 1988 2357; x_wconf 86' lang='lat' dir='ltr'>cognitum</span> <span class='ocrx_word' id='word_1_498' title='bbox 2004 2330 2017 2353; x_wconf 82' lang='grc'><strong>,</strong></span> <span class='ocrx_word' id='word_1_499' title='bbox 2040 2303 2080 2342; x_wconf 78' lang='grc' dir='ltr'>δι</span> <span class='ocrx_word' id='word_1_500' title='bbox 2093 2302 2183 2347; x_wconf 84' lang='lat' dir='ltr'>vitae</span> <span class='ocrx_word' id='word_1_501' title='bbox 2209 2299 2427 2347; x_wconf 58' lang='lat' dir='ltr'>&amp;obtimo-¹</span> 
     </span>
     <span class='ocr_line' id='line_1_85' title="bbox 1379 2360 2423 2415; baseline 0 -9"><span class='ocrx_word' id='word_1_502' title='bbox 1379 2363 1445 2406; x_wconf 90' lang='lat' dir='ltr'>nia</span> <span class='ocrx_word' id='word_1_503' title='bbox 1461 2361 1686 2404; x_wconf 87' lang='lat' dir='ltr'>verendum</span> <span class='ocrx_word' id='word_1_504' title='bbox 1699 2362 1794 2404; x_wconf 88' lang='lat' dir='ltr'>istuc</span> <span class='ocrx_word' id='word_1_505' title='bbox 1811 2360 2423 2415; x_wconf 68' lang='lat' dir='ltr'>ablegamusnilestumFilium‚</span> 
     </span>
     <span class='ocr_line' id='line_1_86' title="bbox 1383 2419 2422 2477; baseline 0 -14"><span class='ocrx_word' id='word_1_506' title='bbox 1383 2424 1454 2468; x_wconf 80' lang='lat' dir='ltr'>Fr.</span> <span class='ocrx_word' id='word_1_507' title='bbox 1473 2422 1750 2477; x_wconf 87' lang='lat' dir='ltr'>Hyacinthum</span> <span class='ocrx_word' id='word_1_508' title='bbox 1771 2419 2314 2475; x_wconf 63' lang='lat' dir='ltr'>Casalensem2Capucinum</span> <span class='ocrx_word' id='word_1_509' title='bbox 2329 2451 2344 2474; x_wconf 88' lang='lat'><strong>‚</strong></span> <span class='ocrx_word' id='word_1_510' title='bbox 2372 2430 2422 2465; x_wconf 87' lang='lat' dir='ltr'>ut</span> 
     </span>
     <span class='ocr_line' id='line_1_87' title="bbox 1383 2478 2423 2538; baseline -0.006 -15"><span class='ocrx_word' id='word_1_511' title='bbox 1383 2481 1469 2538; x_wconf 85' lang='lat' dir='ltr'>ejus</span> <span class='ocrx_word' id='word_1_512' title='bbox 1487 2495 1590 2524; x_wconf 91' lang='lat' dir='ltr'>voce</span> <span class='ocrx_word' id='word_1_513' title='bbox 1606 2509 1619 2532; x_wconf 88' lang='lat'>,</span> <span class='ocrx_word' id='word_1_514' title='bbox 1635 2480 1781 2523; x_wconf 91' lang='lat' dir='ltr'>Divina</span> <span class='ocrx_word' id='word_1_515' title='bbox 1807 2479 1982 2535; x_wconf 85' lang='lat' dir='ltr'>Imperia</span> <span class='ocrx_word' id='word_1_516' title='bbox 1998 2507 2012 2530; x_wconf 85' lang='lat'>‚</span> <span class='ocrx_word' id='word_1_517' title='bbox 2035 2481 2076 2521; x_wconf 75' lang='grc' dir='ltr'>δι</span> <span class='ocrx_word' id='word_1_518' title='bbox 2093 2478 2325 2525; x_wconf 75' lang='lat' dir='ltr'>Pontificias</span> <span class='ocrx_word' id='word_1_519' title='bbox 2349 2495 2423 2526; x_wconf 89' lang='lat' dir='ltr'>co.</span> 
     </span>
     <span class='ocr_line' id='line_1_88' title="bbox 1382 2537 2421 2595; baseline 0 -13"><span class='ocrx_word' id='word_1_520' title='bbox 1382 2541 1640 2582; x_wconf 87' lang='lat' dir='ltr'>hortationes</span> <span class='ocrx_word' id='word_1_521' title='bbox 1671 2548 1906 2595; x_wconf 85' lang='lat' dir='ltr'>exponente</span> <span class='ocrx_word' id='word_1_522' title='bbox 1942 2548 2155 2585; x_wconf 88' lang='lat' dir='ltr'>uteremur</span> <span class='ocrx_word' id='word_1_523' title='bbox 2183 2537 2235 2581; x_wconf 89' lang='lat' dir='ltr'>ad</span> <span class='ocrx_word' id='word_1_524' title='bbox 2260 2540 2421 2582; x_wconf 78' lang='lat' dir='ltr'>inflam-</span> 
     </span>
     <span class='ocr_line' id='line_1_89' title="bbox 1382 2597 2421 2654; baseline -0.002 -12"><span class='ocrx_word' id='word_1_525' title='bbox 1382 2598 1546 2642; x_wconf 89' lang='lat' dir='ltr'>mandas</span> <span class='ocrx_word' id='word_1_526' title='bbox 1573 2601 1872 2642; x_wconf 90' lang='lat' dir='ltr'>Germanorum</span> <span class='ocrx_word' id='word_1_527' title='bbox 1900 2598 2131 2654; x_wconf 86' lang='lat' dir='ltr'>Principum</span> <span class='ocrx_word' id='word_1_528' title='bbox 2162 2597 2421 2642; x_wconf 88' lang='lat' dir='ltr'>voluntates.</span> 
     </span>
     <span class='ocr_line' id='line_1_90' title="bbox 1379 2654 2422 2716; baseline -0.002 -14"><span class='ocrx_word' id='word_1_529' title='bbox 1379 2657 1479 2716; x_wconf 86' lang='lat' dir='ltr'>Ejus</span> <span class='ocrx_word' id='word_1_530' title='bbox 1495 2657 1627 2700; x_wconf 89' lang='lat' dir='ltr'>verbis</span> <span class='ocrx_word' id='word_1_531' title='bbox 1650 2657 1823 2702; x_wconf 86' lang='lat' dir='ltr'>eandem</span> <span class='ocrx_word' id='word_1_532' title='bbox 1840 2685 1854 2708; x_wconf 83' lang='lat'>,</span> <span class='ocrx_word' id='word_1_533' title='bbox 1878 2668 2000 2711; x_wconf 91' lang='lat' dir='ltr'>quam</span> <span class='ocrx_word' id='word_1_534' title='bbox 2018 2658 2190 2710; x_wconf 78' lang='lat' dir='ltr'>Nostris,</span> <span class='ocrx_word' id='word_1_535' title='bbox 2203 2654 2328 2700; x_wconf 84' lang='lat' dir='ltr'>fidem</span> <span class='ocrx_word' id='word_1_536' title='bbox 2347 2659 2422 2700; x_wconf 91' lang='lat' dir='ltr'>ha-</span> 
     </span>
     <span class='ocr_line' id='line_1_91' title="bbox 1377 2715 2420 2773; baseline -0.002 -12"><span class='ocrx_word' id='word_1_537' title='bbox 1377 2719 1465 2761; x_wconf 88' lang='lat' dir='ltr'>beri</span> <span class='ocrx_word' id='word_1_538' title='bbox 1494 2717 1676 2760; x_wconf 89' lang='lat' dir='ltr'>volumus</span> <span class='ocrx_word' id='word_1_539' title='bbox 1694 2717 1715 2758; x_wconf 68' lang='lat' dir='ltr'>a</span> <span class='ocrx_word' id='word_1_540' title='bbox 1734 2715 1969 2759; x_wconf 87' lang='lat' dir='ltr'>Nobilitate</span> <span class='ocrx_word' id='word_1_541' title='bbox 1986 2718 2071 2760; x_wconf 89' lang='lat' dir='ltr'>Tua</span> <span class='ocrx_word' id='word_1_542' title='bbox 2091 2746 2106 2770; x_wconf 84' lang='lat'>,</span> <span class='ocrx_word' id='word_1_543' title='bbox 2131 2716 2245 2773; x_wconf 84' lang='lat' dir='ltr'>cujus</span> <span class='ocrx_word' id='word_1_544' title='bbox 2269 2718 2420 2760; x_wconf 88' lang='lat' dir='ltr'>autho-</span> 
     </span>
     <span class='ocr_line' id='line_1_92' title="bbox 1375 2775 2419 2832; baseline -0.001 -13"><span class='ocrx_word' id='word_1_545' title='bbox 1375 2778 1499 2823; x_wconf 85' lang='lat' dir='ltr'>ritate</span> <span class='ocrx_word' id='word_1_546' title='bbox 1513 2778 1552 2819; x_wconf 88' lang='lat'>&amp;</span> <span class='ocrx_word' id='word_1_547' title='bbox 1569 2775 1743 2819; x_wconf 74' lang='lat' dir='ltr'>confinis</span> <span class='ocrx_word' id='word_1_548' title='bbox 1758 2777 1825 2818; x_wconf 86' lang='lat' dir='ltr'>Fr.</span> <span class='ocrx_word' id='word_1_549' title='bbox 1842 2775 2124 2829; x_wconf 77' lang='lat' dir='ltr'>Hyacinthum</span> <span class='ocrx_word' id='word_1_550' title='bbox 2139 2775 2269 2832; x_wconf 84' lang='lat' dir='ltr'>juvari</span> <span class='ocrx_word' id='word_1_551' title='bbox 2286 2775 2419 2832; x_wconf 82' lang='lat' dir='ltr'>postu-</span> 
     </span>
     <span class='ocr_line' id='line_1_93' title="bbox 1381 2834 2418 2892; baseline -0.002 -14"><span class='ocrx_word' id='word_1_552' title='bbox 1381 2837 1510 2879; x_wconf 88' lang='lat' dir='ltr'>lamus</span> <span class='ocrx_word' id='word_1_553' title='bbox 1523 2865 1537 2888; x_wconf 79' lang='lat'>,</span> <span class='ocrx_word' id='word_1_554' title='bbox 1555 2836 1594 2876; x_wconf 88' lang='lat'>&amp;</span> <span class='ocrx_word' id='word_1_555' title='bbox 1609 2835 1732 2892; x_wconf 67' lang='lat' dir='ltr'>plene</span> <span class='ocrx_word' id='word_1_556' title='bbox 1749 2834 1981 2891; x_wconf 80' lang='lat' dir='ltr'>speramus·</span> <span class='ocrx_word' id='word_1_557' title='bbox 2012 2837 2074 2878; x_wconf 92' lang='lat' dir='ltr'>Te</span> <span class='ocrx_word' id='word_1_558' title='bbox 2086 2836 2194 2878; x_wconf 90' lang='lat' dir='ltr'>enim</span> <span class='ocrx_word' id='word_1_559' title='bbox 2208 2865 2224 2886; x_wconf 88' lang='lat'>,</span> <span class='ocrx_word' id='word_1_560' title='bbox 2253 2836 2418 2878; x_wconf 69' lang='lat' dir='ltr'>Dileete</span> 
     </span>
     <span class='ocr_line' id='line_1_94' title="bbox 1379 2892 2420 2951; baseline -0.003 -14"><span class='ocrx_word' id='word_1_561' title='bbox 1379 2895 1456 2943; x_wconf 78' lang='lat' dir='ltr'>Fili</span> <span class='ocrx_word' id='word_1_562' title='bbox 1470 2922 1485 2945; x_wconf 71' lang='lat' dir='ltr'>s</span> <span class='ocrx_word' id='word_1_563' title='bbox 1509 2909 1631 2951; x_wconf 88' lang='lat' dir='ltr'>quem</span> <span class='ocrx_word' id='word_1_564' title='bbox 1645 2894 1775 2938; x_wconf 88' lang='lat' dir='ltr'>Nobis</span> <span class='ocrx_word' id='word_1_565' title='bbox 1789 2923 1804 2947; x_wconf 81' lang='lat'><strong>,</strong></span> <span class='ocrx_word' id='word_1_566' title='bbox 1827 2894 2119 2950; x_wconf 82' lang='lat' dir='ltr'>&amp;Apostolicae</span> <span class='ocrx_word' id='word_1_567' title='bbox 2138 2894 2232 2939; x_wconf 86' lang='lat' dir='ltr'>Sedi</span> <span class='ocrx_word' id='word_1_568' title='bbox 2246 2892 2420 2949; x_wconf 80' lang='lat' dir='ltr'>gratiffi-</span> 
     </span>
     <span class='ocr_line' id='line_1_95' title="bbox 1383 2951 2418 3009; baseline -0.004 -13"><span class='ocrx_word' id='word_1_569' title='bbox 1383 2969 1494 2997; x_wconf 90' lang='lat' dir='ltr'>mum</span> <span class='ocrx_word' id='word_1_570' title='bbox 1508 2965 1574 2997; x_wconf 78' lang='lat' dir='ltr'>tua</span> <span class='ocrx_word' id='word_1_571' title='bbox 1589 2956 1740 2998; x_wconf 83' lang='lat' dir='ltr'>merita</span> <span class='ocrx_word' id='word_1_572' title='bbox 1761 2952 2055 3006; x_wconf 84' lang='lat' dir='ltr'>reddiderunt,</span> <span class='ocrx_word' id='word_1_573' title='bbox 2077 2954 2262 3008; x_wconf 83' lang='lat' dir='ltr'>cupimus</span> <span class='ocrx_word' id='word_1_574' title='bbox 2278 2951 2418 3009; x_wconf 91' lang='lat' dir='ltr'>publi-</span> 
     </span>
     <span class='ocr_line' id='line_1_96' title="bbox 1379 3008 2416 3067; baseline -0.004 -11"><span class='ocrx_word' id='word_1_575' title='bbox 1379 3029 1435 3062; x_wconf 84' lang='lat' dir='ltr'>cae</span> <span class='ocrx_word' id='word_1_576' title='bbox 1458 3013 1750 3056; x_wconf 80' lang='lat' dir='ltr'>incolumitatis</span> <span class='ocrx_word' id='word_1_577' title='bbox 1777 3026 1856 3055; x_wconf 88' lang='lat' dir='ltr'>non</span> <span class='ocrx_word' id='word_1_578' title='bbox 1887 3013 2127 3067; x_wconf 85' lang='lat' dir='ltr'>participem</span> <span class='ocrx_word' id='word_1_579' title='bbox 2155 3010 2279 3055; x_wconf 76' lang='lat' dir='ltr'>modo</span> <span class='ocrx_word' id='word_1_580' title='bbox 2301 3040 2316 3064; x_wconf 79' lang='lat'>,</span> <span class='ocrx_word' id='word_1_581' title='bbox 2343 3008 2416 3063; x_wconf 84' lang='lat' dir='ltr'>sed</span> 
     </span>
     <span class='ocr_line' id='line_1_97' title="bbox 1377 3069 2419 3126; baseline -0.004 -11"><span class='ocrx_word' id='word_1_582' title='bbox 1377 3069 1589 3122; x_wconf 82' lang='lat' dir='ltr'>authorem</span> <span class='ocrx_word' id='word_1_583' title='bbox 1607 3087 1653 3115; x_wconf 91' lang='lat' dir='ltr'>ac</span> <span class='ocrx_word' id='word_1_584' title='bbox 1671 3070 1866 3115; x_wconf 83' lang='lat' dir='ltr'>suasorem</span> <span class='ocrx_word' id='word_1_585' title='bbox 1883 3072 1921 3112; x_wconf 92' lang='lat' dir='ltr'>in</span> <span class='ocrx_word' id='word_1_586' title='bbox 1936 3069 2117 3113; x_wconf 77' lang='lat' dir='ltr'>Ecclesia</span> <span class='ocrx_word' id='word_1_587' title='bbox 2132 3071 2208 3112; x_wconf 89' lang='lat' dir='ltr'>Dei</span> <span class='ocrx_word' id='word_1_588' title='bbox 2224 3072 2419 3126; x_wconf 72' lang='lat' dir='ltr'>praedica-</span> 
     </span>
     <span class='ocr_line' id='line_1_98' title="bbox 1376 3129 2420 3184; baseline -0.005 -9"><span class='ocrx_word' id='word_1_589' title='bbox 1376 3132 1437 3176; x_wconf 89' lang='lat' dir='ltr'>ri:</span> <span class='ocrx_word' id='word_1_590' title='bbox 1465 3146 1511 3174; x_wconf 92' lang='lat' dir='ltr'>ac</span> <span class='ocrx_word' id='word_1_591' title='bbox 1534 3131 1720 3175; x_wconf 87' lang='lat' dir='ltr'>Nostram</span> <span class='ocrx_word' id='word_1_592' title='bbox 1738 3129 1831 3172; x_wconf 88' lang='lat' dir='ltr'>Tibi</span> <span class='ocrx_word' id='word_1_593' title='bbox 1854 3129 2131 3184; x_wconf 82' lang='lat' dir='ltr'>Apostolicam</span> <span class='ocrx_word' id='word_1_594' title='bbox 2159 3129 2420 3171; x_wconf 59' lang='lat' dir='ltr'>Benedictio·</span> 
     </span>
     <span class='ocr_line' id='line_1_99' title="bbox 1375 3188 2419 3246; baseline -0.004 -12"><span class='ocrx_word' id='word_1_595' title='bbox 1375 3205 1470 3234; x_wconf 90' lang='lat' dir='ltr'>nem</span> <span class='ocrx_word' id='word_1_596' title='bbox 1497 3200 1758 3246; x_wconf 85' lang='lat' dir='ltr'>peramanter</span> <span class='ocrx_word' id='word_1_597' title='bbox 1784 3188 2061 3244; x_wconf 89' lang='lat' dir='ltr'>impertimur.</span> <span class='ocrx_word' id='word_1_598' title='bbox 2097 3193 2245 3232; x_wconf 88' lang='lat' dir='ltr'>Datum</span> <span class='ocrx_word' id='word_1_599' title='bbox 2278 3191 2419 3232; x_wconf 85' lang='lat' dir='ltr'>Romae</span> 
     </span>
     <span class='ocr_line' id='line_1_100' title="bbox 1378 3246 2419 3306; baseline -0.007 -12"><span class='ocrx_word' id='word_1_600' title='bbox 1378 3250 1485 3306; x_wconf 90' lang='lat' dir='ltr'>apud</span> <span class='ocrx_word' id='word_1_601' title='bbox 1507 3252 1548 3293; x_wconf 87' lang='lat' dir='ltr'>S.</span> <span class='ocrx_word' id='word_1_602' title='bbox 1565 3247 1737 3292; x_wconf 89' lang='lat' dir='ltr'>Mariam</span> <span class='ocrx_word' id='word_1_603' title='bbox 1753 3246 1953 3303; x_wconf 88' lang='lat' dir='ltr'>Majorem</span> <span class='ocrx_word' id='word_1_604' title='bbox 1968 3247 2036 3292; x_wconf 91' lang='lat' dir='ltr'>sub</span> <span class='ocrx_word' id='word_1_605' title='bbox 2051 3248 2219 3291; x_wconf 88' lang='lat' dir='ltr'>Annulo</span> <span class='ocrx_word' id='word_1_606' title='bbox 2237 3247 2419 3293; x_wconf 80' lang='lat' dir='ltr'>Piscato-</span> 
     </span>
     <span class='ocr_line' id='line_1_101' title="bbox 1382 3303 2415 3365; baseline -0.004 -13"><span class='ocrx_word' id='word_1_607' title='bbox 1382 3311 1433 3363; x_wconf 84' lang='lat' dir='ltr'>tis</span> <span class='ocrx_word' id='word_1_608' title='bbox 1448 3309 1518 3350; x_wconf 89' lang='lat' dir='ltr'>die</span> <span class='ocrx_word' id='word_1_609' title='bbox 1533 3322 1625 3350; x_wconf 83' lang='lat' dir='ltr'>xxv.</span> <span class='ocrx_word' id='word_1_610' title='bbox 1635 3307 1753 3365; x_wconf 25' lang='lat' dir='ltr'>Junii-</span> <span class='ocrx_word' id='word_1_611' title='bbox 1768 3321 1963 3350; x_wconf 76' lang='lat' dir='ltr'>mncxxt.</span> <span class='ocrx_word' id='word_1_612' title='bbox 1989 3306 2252 3351; x_wconf 82' lang='lat' dir='ltr'>Pontificatus</span> <span class='ocrx_word' id='word_1_613' title='bbox 2278 3303 2415 3351; x_wconf 82' lang='lat' dir='ltr'>Nostri</span> 
     </span>
    </p>
   </div>
   <div class='ocr_carea' id='block_1_20' title="bbox 1377 3368 1683 3426">
    <p class='ocr_par' dir='ltr' id='par_1_21' title="bbox 1377 3368 1683 3426">
     <span class='ocr_line' id='line_1_102' title="bbox 1377 3368 1683 3426; baseline -0.013 -14"><span class='ocrx_word' id='word_1_614' title='bbox 1377 3370 1501 3412; x_wconf 86' lang='lat' dir='ltr'>Auno</span> <span class='ocrx_word' id='word_1_615' title='bbox 1524 3368 1657 3426; x_wconf 87' lang='lat' dir='ltr'>primo</span> <span class='ocrx_word' id='word_1_616' title='bbox 1671 3396 1683 3408; x_wconf 90' lang='lat'><strong>.</strong></span> 
     </span>
    </p>
   </div>
   <div class='ocr_carea' id='block_1_21' title="bbox 1441 3486 1921 3545">
    <p class='ocr_par' dir='ltr' id='par_1_22' title="bbox 1441 3486 1921 3545">
     <span class='ocr_line' id='line_1_103' title="bbox 1441 3486 1921 3545; baseline -0.006 -15"><span class='ocrx_word' id='word_1_617' title='bbox 1441 3491 1500 3530; x_wconf 83' lang='lat' dir='ltr'>Ex</span> <span class='ocrx_word' id='word_1_618' title='bbox 1517 3487 1612 3543; x_wconf 81' lang='lat' dir='ltr'>ch.</span> <span class='ocrx_word' id='word_1_619' title='bbox 1622 3487 1751 3542; x_wconf 79' lang='lat' dir='ltr'>praed.</span> <span class='ocrx_word' id='word_1_620' title='bbox 1758 3486 1838 3545; x_wconf 82' lang='lat' dir='ltr'>fol.</span> <span class='ocrx_word' id='word_1_621' title='bbox 1859 3497 1921 3542; x_wconf 80' lang='lat'>14.</span> 
     </span>
    </p>
   </div>
   <div class='ocr_carea' id='block_1_22' title="bbox 2260 3898 2349 3938">
    <p class='ocr_par' dir='ltr' id='par_1_23' title="bbox 2260 3898 2349 3938">
     <span class='ocr_line' id='line_1_104' title="bbox 2260 3898 2349 3938; baseline 0 0"><span class='ocrx_word' id='word_1_622' title='bbox 2260 3898 2349 3938; x_wconf 69' lang='lat' dir='ltr'>Eo-‘</span> 
     </span>
    </p>
   </div>
  </div>
 </body>
</html>
