<?xml version="1.0" encoding="UTF-8"?>
<!DOCTYPE html PUBLIC "-//W3C//DTD XHTML 1.0 Transitional//EN"
    "http://www.w3.org/TR/xhtml1/DTD/xhtml1-transitional.dtd">
<html xmlns="http://www.w3.org/1999/xhtml" xml:lang="en" lang="en">
 <head>
  <title>
</title>
<meta http-equiv="Content-Type" content="text/html;charset=utf-8" />
  <meta name='ocr-system' content='tesseract 3.04.00' />
  <meta name='ocr-capabilities' content='ocr_page ocr_carea ocr_par ocr_line ocrx_word'/>
</head>
<body>
  <div class='ocr_page' id='page_1' title='image "./bullariumordinis03cath/bullariumordinis03cath_0360.png"; bbox 0 0 2618 4108; ppageno 0'>
   <div class='ocr_carea' id='block_1_1' title="bbox 275 253 1325 1882">
    <p class='ocr_par' dir='ltr' id='par_1_1' title="bbox 275 253 1325 1468">
     <span class='ocr_line' id='line_1_1' title="bbox 292 253 1324 402; baseline -0.002 -21"><span class='ocrx_word' id='word_1_1' title='bbox 292 253 562 402; x_wconf 50' lang='lat' dir='ltr'>Qapgypter</span> <span class='ocrx_word' id='word_1_2' title='bbox 576 336 788 380; x_wconf 71' lang='lat' dir='ltr'>humiliter</span> <span class='ocrx_word' id='word_1_3' title='bbox 799 338 1025 392; x_wconf 82' lang='lat' dir='ltr'>supplicant</span> <span class='ocrx_word' id='word_1_4' title='bbox 1038 336 1108 380; x_wconf 88' lang='lat' dir='ltr'>dd.</span> <span class='ocrx_word' id='word_1_5' title='bbox 1119 339 1324 382; x_wconf 75' lang='lat' dir='ltr'>s.v.0ra-</span> 
     </span>
     <span class='ocr_line' id='line_1_2' title="bbox 290 395 1323 453; baseline -0.009 -4"><span class='ocrx_word' id='word_1_6' title='bbox 290 418 401 449; x_wconf 87' lang='lat' dir='ltr'>tores</span> <span class='ocrx_word' id='word_1_7' title='bbox 422 433 437 453; x_wconf 92' lang='lat'>,</span> <span class='ocrx_word' id='word_1_8' title='bbox 472 410 515 440; x_wconf 91' lang='lat' dir='ltr'>ut</span> <span class='ocrx_word' id='word_1_9' title='bbox 543 397 738 451; x_wconf 81' lang='lat' dir='ltr'>dignetur</span> <span class='ocrx_word' id='word_1_10' title='bbox 765 398 911 452; x_wconf 79' lang='lat' dir='ltr'>praevia</span> <span class='ocrx_word' id='word_1_11' title='bbox 937 398 1033 439; x_wconf 83' lang='lat' dir='ltr'>Oris</span> <span class='ocrx_word' id='word_1_12' title='bbox 1063 395 1323 453; x_wconf 77' lang='lat' dir='ltr'>aperitione,</span> 
     </span>
     <span class='ocr_line' id='line_1_3' title="bbox 283 453 1325 521; baseline -0.006 -17"><span class='ocrx_word' id='word_1_13' title='bbox 283 473 478 521; x_wconf 72' lang='lat' dir='ltr'>quatenus</span> <span class='ocrx_word' id='word_1_14' title='bbox 506 470 608 513; x_wconf 88' lang='lat' dir='ltr'>opus</span> <span class='ocrx_word' id='word_1_15' title='bbox 639 457 683 498; x_wconf 78' lang='lat' dir='ltr'>sit</span> <span class='ocrx_word' id='word_1_16' title='bbox 700 485 714 509; x_wconf 84' lang='lat'><strong>,</strong></span> <span class='ocrx_word' id='word_1_17' title='bbox 740 458 780 498; x_wconf 88' lang='lat'>&amp;</span> <span class='ocrx_word' id='word_1_18' title='bbox 808 455 1119 512; x_wconf 60' lang='lat' dir='ltr'>circumscripti}</span> <span class='ocrx_word' id='word_1_19' title='bbox 1144 453 1253 497; x_wconf 66' lang='lat' dir='ltr'>dista</span> <span class='ocrx_word' id='word_1_20' title='bbox 1269 456 1325 498; x_wconf 84' lang='lat' dir='ltr'>as.</span> 
     </span>
     <span class='ocr_line' id='line_1_4' title="bbox 280 514 1324 571; baseline -0.007 -6"><span class='ocrx_word' id='word_1_21' title='bbox 280 521 386 566; x_wconf 65' lang='lat' dir='ltr'>serta</span> <span class='ocrx_word' id='word_1_22' title='bbox 416 515 622 560; x_wconf 56' lang='lat' dir='ltr'>sententia</span> <span class='ocrx_word' id='word_1_23' title='bbox 648 544 667 567; x_wconf 67' lang='lat'><em>5</em></span> <span class='ocrx_word' id='word_1_24' title='bbox 709 516 775 558; x_wconf 87' lang='lat' dir='ltr'>seu</span> <span class='ocrx_word' id='word_1_25' title='bbox 796 519 984 558; x_wconf 85' lang='lat' dir='ltr'>Decreto</span> <span class='ocrx_word' id='word_1_26' title='bbox 1007 545 1023 568; x_wconf 89' lang='lat'>‚</span> <span class='ocrx_word' id='word_1_27' title='bbox 1055 514 1324 571; x_wconf 85' lang='lat' dir='ltr'>omnibusque</span> 
     </span>
     <span class='ocr_line' id='line_1_5' title="bbox 280 572 1324 627; baseline -0.007 -4"><span class='ocrx_word' id='word_1_28' title='bbox 280 585 378 624; x_wconf 64' lang='lat' dir='ltr'>aftis</span> <span class='ocrx_word' id='word_1_29' title='bbox 394 580 432 620; x_wconf 91' lang='lat' dir='ltr'>in</span> <span class='ocrx_word' id='word_1_30' title='bbox 452 578 580 620; x_wconf 89' lang='lat' dir='ltr'>Curia</span> <span class='ocrx_word' id='word_1_31' title='bbox 601 576 847 619; x_wconf 86' lang='lat' dir='ltr'>Tridentina</span> <span class='ocrx_word' id='word_1_32' title='bbox 861 604 874 627; x_wconf 93' lang='lat'>‚</span> <span class='ocrx_word' id='word_1_33' title='bbox 899 574 957 617; x_wconf 83' lang='lat' dir='ltr'>sm</span> <span class='ocrx_word' id='word_1_34' title='bbox 971 576 1104 618; x_wconf 87' lang='lat' dir='ltr'>minus</span> <span class='ocrx_word' id='word_1_35' title='bbox 1121 572 1324 626; x_wconf 75' lang='lat' dir='ltr'>Causam,</span> 
     </span>
     <span class='ocr_line' id='line_1_6' title="bbox 279 634 1323 692; baseline -0.006 -9"><span class='ocrx_word' id='word_1_36' title='bbox 279 643 319 682; x_wconf 88' lang='lat'>&amp;</span> <span class='ocrx_word' id='word_1_37' title='bbox 334 639 484 683; x_wconf 82' lang='lat' dir='ltr'>Causas</span> <span class='ocrx_word' id='word_1_38' title='bbox 498 663 512 686; x_wconf 82' lang='lat'>,</span> <span class='ocrx_word' id='word_1_39' title='bbox 535 635 825 692; x_wconf 86' lang='lat' dir='ltr'>appellationis</span> <span class='ocrx_word' id='word_1_40' title='bbox 839 664 853 687; x_wconf 82' lang='grc'><em>,</em></span> <span class='ocrx_word' id='word_1_41' title='bbox 880 635 1209 692; x_wconf 75' lang='lat' dir='ltr'>appellationum</span> <span class='ocrx_word' id='word_1_42' title='bbox 1222 663 1240 684; x_wconf 86' lang='lat'>,</span> <span class='ocrx_word' id='word_1_43' title='bbox 1257 634 1323 677; x_wconf 83' lang='lat' dir='ltr'>vel</span> 
     </span>
     <span class='ocr_line' id='line_1_7' title="bbox 278 691 1322 752; baseline -0.008 -10"><span class='ocrx_word' id='word_1_44' title='bbox 278 699 330 742; x_wconf 85' lang='lat' dir='ltr'>ad</span> <span class='ocrx_word' id='word_1_45' title='bbox 354 697 542 742; x_wconf 88' lang='lat' dir='ltr'>eamdem</span> <span class='ocrx_word' id='word_1_46' title='bbox 569 699 731 738; x_wconf 66' lang='lat' dir='ltr'>Sacram</span> <span class='ocrx_word' id='word_1_47' title='bbox 747 694 1128 752; x_wconf 79' lang='lat' dir='ltr'>Congregationem</span> <span class='ocrx_word' id='word_1_48' title='bbox 1152 691 1322 750; x_wconf 84' lang='lat' dir='ltr'>Episco—</span> 
     </span>
     <span class='ocr_line' id='line_1_8' title="bbox 278 754 1322 816; baseline -0.007 -15"><span class='ocrx_word' id='word_1_49' title='bbox 278 771 453 816; x_wconf 85' lang='lat' dir='ltr'>porum‚</span> <span class='ocrx_word' id='word_1_50' title='bbox 482 755 836 809; x_wconf 80' lang='lat' dir='ltr'>&amp;Regularium‚</span> <span class='ocrx_word' id='word_1_51' title='bbox 867 756 933 796; x_wconf 88' lang='lat' dir='ltr'>vel</span> <span class='ocrx_word' id='word_1_52' title='bbox 961 754 1014 796; x_wconf 91' lang='lat' dir='ltr'>ad</span> <span class='ocrx_word' id='word_1_53' title='bbox 1042 757 1212 797; x_wconf 75' lang='lat' dir='ltr'>sacram</span> <span class='ocrx_word' id='word_1_54' title='bbox 1233 754 1322 795; x_wconf 90' lang='lat' dir='ltr'>Ro-</span> 
     </span>
     <span class='ocr_line' id='line_1_9' title="bbox 278 810 1320 870; baseline -0.008 -10"><span class='ocrx_word' id='word_1_55' title='bbox 278 829 358 861; x_wconf 85' lang='lat' dir='ltr'>tam</span> <span class='ocrx_word' id='word_1_56' title='bbox 374 846 388 868; x_wconf 89' lang='lat'><strong>,</strong></span> <span class='ocrx_word' id='word_1_57' title='bbox 420 813 487 858; x_wconf 88' lang='lat' dir='ltr'>vel</span> <span class='ocrx_word' id='word_1_58' title='bbox 513 814 562 858; x_wconf 89' lang='lat' dir='ltr'>ad</span> <span class='ocrx_word' id='word_1_59' title='bbox 593 813 974 870; x_wconf 79' lang='lat' dir='ltr'>congregationem</span> <span class='ocrx_word' id='word_1_60' title='bbox 992 810 1290 856; x_wconf 81' lang='lat' dir='ltr'>Particularem</span> <span class='ocrx_word' id='word_1_61' title='bbox 1304 841 1320 864; x_wconf 83' lang='lat'>‚</span> 
     </span>
     <span class='ocr_line' id='line_1_10' title="bbox 277 872 1316 930; baseline -0.006 -11"><span class='ocrx_word' id='word_1_62' title='bbox 277 877 447 921; x_wconf 75' lang='lat' dir='ltr'>aliudve</span> <span class='ocrx_word' id='word_1_63' title='bbox 502 875 790 930; x_wconf 89' lang='lat' dir='ltr'>quodcumque</span> <span class='ocrx_word' id='word_1_64' title='bbox 851 873 1049 915; x_wconf 85' lang='lat' dir='ltr'>Tribunal</span> <span class='ocrx_word' id='word_1_65' title='bbox 1104 872 1316 914; x_wconf 59' lang='lat' dir='ltr'>sanctitati</span> 
     </span>
     <span class='ocr_line' id='line_1_11' title="bbox 277 930 1318 988; baseline -0.007 -7"><span class='ocrx_word' id='word_1_66' title='bbox 277 937 433 981; x_wconf 80' lang='lat' dir='ltr'>Vestrae</span> <span class='ocrx_word' id='word_1_67' title='bbox 449 933 680 977; x_wconf 88' lang='lat' dir='ltr'>benevisum</span> <span class='ocrx_word' id='word_1_68' title='bbox 700 930 1005 988; x_wconf 81' lang='lat' dir='ltr'>cognoscendas</span> <span class='ocrx_word' id='word_1_69' title='bbox 1020 960 1035 983; x_wconf 86' lang='lat'>‚</span> <span class='ocrx_word' id='word_1_70' title='bbox 1067 930 1228 986; x_wconf 89' lang='lat' dir='ltr'>fineque</span> <span class='ocrx_word' id='word_1_71' title='bbox 1242 930 1318 974; x_wconf 86' lang='lat' dir='ltr'>de-</span> 
     </span>
     <span class='ocr_line' id='line_1_12' title="bbox 277 990 1316 1047; baseline -0.007 -7"><span class='ocrx_word' id='word_1_72' title='bbox 277 997 366 1040; x_wconf 86' lang='lat' dir='ltr'>bito</span> <span class='ocrx_word' id='word_1_73' title='bbox 388 992 682 1044; x_wconf 86' lang='lat' dir='ltr'>terminandas,</span> <span class='ocrx_word' id='word_1_74' title='bbox 698 1005 788 1033; x_wconf 90' lang='lat' dir='ltr'>cum</span> <span class='ocrx_word' id='word_1_75' title='bbox 804 990 984 1033; x_wconf 86' lang='lat' dir='ltr'>clausula</span> <span class='ocrx_word' id='word_1_76' title='bbox 998 1003 1119 1047; x_wconf 91' lang='lat' dir='ltr'>quam</span> <span class='ocrx_word' id='word_1_77' title='bbox 1135 1016 1149 1039; x_wconf 79' lang='lat'>,</span> <span class='ocrx_word' id='word_1_78' title='bbox 1162 991 1202 1033; x_wconf 89' lang='lat'>&amp;</span> <span class='ocrx_word' id='word_1_79' title='bbox 1216 1004 1316 1046; x_wconf 87' lang='lat' dir='ltr'>quas</span> 
     </span>
     <span class='ocr_line' id='line_1_13' title="bbox 277 1048 1318 1103; baseline -0.006 -5"><span class='ocrx_word' id='word_1_80' title='bbox 277 1055 545 1098; x_wconf 80' lang='lat' dir='ltr'>committere</span> <span class='ocrx_word' id='word_1_81' title='bbox 562 1081 578 1103; x_wconf 87' lang='lat'>,</span> <span class='ocrx_word' id='word_1_82' title='bbox 607 1051 855 1094; x_wconf 83' lang='lat' dir='ltr'>&amp;mandare</span> <span class='ocrx_word' id='word_1_83' title='bbox 874 1077 889 1101; x_wconf 85' lang='lat'>‚</span> <span class='ocrx_word' id='word_1_84' title='bbox 916 1064 1009 1093; x_wconf 88' lang='lat' dir='ltr'>cum</span> <span class='ocrx_word' id='word_1_85' title='bbox 1034 1048 1233 1092; x_wconf 76' lang='lat' dir='ltr'>facultate</span> <span class='ocrx_word' id='word_1_86' title='bbox 1260 1050 1318 1092; x_wconf 87' lang='lat' dir='ltr'>ci-</span> 
     </span>
     <span class='ocr_line' id='line_1_14' title="bbox 279 1108 1318 1166; baseline -0.008 -8"><span class='ocrx_word' id='word_1_87' title='bbox 279 1114 428 1164; x_wconf 79' lang='lat' dir='ltr'>tandi,</span> <span class='ocrx_word' id='word_1_88' title='bbox 467 1113 508 1153; x_wconf 77' lang='grc' dir='ltr'>δι</span> <span class='ocrx_word' id='word_1_89' title='bbox 532 1111 746 1153; x_wconf 88' lang='lat' dir='ltr'>inhibendi</span> <span class='ocrx_word' id='word_1_90' title='bbox 761 1124 862 1166; x_wconf 88' lang='lat' dir='ltr'>quos</span> <span class='ocrx_word' id='word_1_91' title='bbox 879 1138 893 1161; x_wconf 88' lang='lat'>‚</span> <span class='ocrx_word' id='word_1_92' title='bbox 922 1109 1094 1166; x_wconf 89' lang='lat' dir='ltr'>quibus,</span> <span class='ocrx_word' id='word_1_93' title='bbox 1121 1108 1318 1165; x_wconf 85' lang='lat' dir='ltr'>quoties,</span> 
     </span>
     <span class='ocr_line' id='line_1_15' title="bbox 277 1167 1319 1230; baseline -0.007 -13"><span class='ocrx_word' id='word_1_94' title='bbox 277 1177 318 1217; x_wconf 91' lang='lat'>&amp;</span> <span class='ocrx_word' id='word_1_95' title='bbox 336 1171 504 1230; x_wconf 86' lang='lat' dir='ltr'>quando</span> <span class='ocrx_word' id='word_1_96' title='bbox 516 1184 615 1226; x_wconf 89' lang='lat' dir='ltr'>opus</span> <span class='ocrx_word' id='word_1_97' title='bbox 634 1168 760 1212; x_wconf 85' lang='lat' dir='ltr'>fuerit</span> <span class='ocrx_word' id='word_1_98' title='bbox 781 1198 795 1221; x_wconf 88' lang='lat'>,</span> <span class='ocrx_word' id='word_1_99' title='bbox 830 1167 1030 1224; x_wconf 84' lang='lat' dir='ltr'>praemissis</span> <span class='ocrx_word' id='word_1_100' title='bbox 1044 1168 1319 1212; x_wconf 86' lang='lat' dir='ltr'>Constitutio-</span> 
     </span>
     <span class='ocr_line' id='line_1_16' title="bbox 280 1227 1321 1284; baseline -0.006 -8"><span class='ocrx_word' id='word_1_101' title='bbox 280 1235 395 1277; x_wconf 84' lang='lat' dir='ltr'>nibus</span> <span class='ocrx_word' id='word_1_102' title='bbox 423 1259 436 1282; x_wconf 82' lang='lat'>‚</span> <span class='ocrx_word' id='word_1_103' title='bbox 468 1232 505 1271; x_wconf 91' lang='lat'>&amp;</span> <span class='ocrx_word' id='word_1_104' title='bbox 545 1228 885 1272; x_wconf 77' lang='lat' dir='ltr'>ordinationibus</span> <span class='ocrx_word' id='word_1_105' title='bbox 911 1227 1189 1284; x_wconf 86' lang='lat' dir='ltr'>Apostolicis‚</span> <span class='ocrx_word' id='word_1_106' title='bbox 1216 1228 1321 1283; x_wconf 90' lang='lat' dir='ltr'>stylo</span> 
     </span>
     <span class='ocr_line' id='line_1_17' title="bbox 276 1287 1320 1342; baseline -0.008 -6"><span class='ocrx_word' id='word_1_107' title='bbox 276 1291 432 1337; x_wconf 88' lang='lat' dir='ltr'>Palatii</span> <span class='ocrx_word' id='word_1_108' title='bbox 456 1318 470 1340; x_wconf 83' lang='lat'>‚</span> <span class='ocrx_word' id='word_1_109' title='bbox 495 1288 685 1331; x_wconf 87' lang='lat' dir='ltr'>&amp;Curiae</span> <span class='ocrx_word' id='word_1_110' title='bbox 708 1317 723 1338; x_wconf 88' lang='lat'><strong>,</strong></span> <span class='ocrx_word' id='word_1_111' title='bbox 753 1287 1048 1342; x_wconf 87' lang='lat' dir='ltr'>caeterisquein</span> <span class='ocrx_word' id='word_1_112' title='bbox 1066 1288 1320 1328; x_wconf 84' lang='lat' dir='ltr'>contrarium</span> 
     </span>
     <span class='ocr_line' id='line_1_18' title="bbox 276 1345 1320 1402; baseline -0.006 -8"><span class='ocrx_word' id='word_1_113' title='bbox 276 1366 356 1394; x_wconf 90' lang='lat' dir='ltr'>non</span> <span class='ocrx_word' id='word_1_114' title='bbox 391 1347 646 1391; x_wconf 84' lang='lat' dir='ltr'>obstantibus</span> <span class='ocrx_word' id='word_1_115' title='bbox 675 1345 1013 1402; x_wconf 87' lang='lat' dir='ltr'>quibuscunque.</span> <span class='ocrx_word' id='word_1_116' title='bbox 1050 1349 1213 1389; x_wconf 73' lang='lat' dir='ltr'>Statum</span> <span class='ocrx_word' id='word_1_117' title='bbox 1236 1347 1320 1388; x_wconf 72' lang='grc' dir='ltr'>διε.</span> 
     </span>
     <span class='ocr_line' id='line_1_19' title="bbox 275 1406 598 1468; baseline -0.022 -15"><span class='ocrx_word' id='word_1_118' title='bbox 275 1424 352 1468; x_wconf 86' lang='lat' dir='ltr'>pro</span> <span class='ocrx_word' id='word_1_119' title='bbox 383 1406 505 1464; x_wconf 72' lang='lat' dir='ltr'>plene</span> <span class='ocrx_word' id='word_1_120' title='bbox 519 1408 598 1449; x_wconf 81' lang='lat' dir='ltr'>&amp;c-</span> 
     </span>
    </p>

    <p class='ocr_par' dir='ltr' id='par_1_2' title="bbox 275 1463 1319 1882">
     <span class='ocr_line' id='line_1_20' title="bbox 336 1463 1319 1522; baseline -0.002 -12"><span class='ocrx_word' id='word_1_121' title='bbox 336 1470 406 1511; x_wconf 81' lang='lat' dir='ltr'>Ad</span> <span class='ocrx_word' id='word_1_122' title='bbox 426 1479 514 1522; x_wconf 84' lang='lat' dir='ltr'>quae</span> <span class='ocrx_word' id='word_1_123' title='bbox 528 1494 543 1517; x_wconf 78' lang='lat'><strong>,</strong></span> <span class='ocrx_word' id='word_1_124' title='bbox 569 1465 791 1508; x_wconf 80' lang='lat' dir='ltr'>duodecimo</span> <span class='ocrx_word' id='word_1_125' title='bbox 813 1463 1014 1518; x_wconf 80' lang='lat' dir='ltr'>‘Januarii</span> <span class='ocrx_word' id='word_1_126' title='bbox 1035 1465 1135 1506; x_wconf 74' lang='lat' dir='ltr'>anne·</span> <span class='ocrx_word' id='word_1_127' title='bbox 1162 1463 1319 1522; x_wconf 80' lang='lat' dir='ltr'>millesi-</span> 
     </span>
     <span class='ocr_line' id='line_1_21' title="bbox 278 1521 1319 1587; baseline -0.005 -16"><span class='ocrx_word' id='word_1_128' title='bbox 278 1528 333 1572; x_wconf 87' lang='lat' dir='ltr'>mi</span> <span class='ocrx_word' id='word_1_129' title='bbox 347 1524 691 1587; x_wconf 77' lang='lat' dir='ltr'>stpttngentcst&#39;mi</span> <span class='ocrx_word' id='word_1_130' title='bbox 709 1522 1003 1580; x_wconf 70' lang='lat' dir='ltr'>quadragfimi</span> <span class='ocrx_word' id='word_1_131' title='bbox 1015 1521 1153 1579; x_wconf 83' lang='lat' dir='ltr'>quinti</span> <span class='ocrx_word' id='word_1_132' title='bbox 1175 1527 1219 1566; x_wconf 78' lang='lat' dir='ltr'>in</span> <span class='ocrx_word' id='word_1_133' title='bbox 1232 1526 1319 1580; x_wconf 85' lang='lat' dir='ltr'>ple-</span> 
     </span>
     <span class='ocr_line' id='line_1_22' title="bbox 277 1582 1319 1642; baseline -0.007 -11"><span class='ocrx_word' id='word_1_134' title='bbox 277 1602 326 1631; x_wconf 85' lang='lat' dir='ltr'>no</span> <span class='ocrx_word' id='word_1_135' title='bbox 348 1586 554 1642; x_wconf 54' lang='lat' dir='ltr'>praediHae</span> <span class='ocrx_word' id='word_1_136' title='bbox 582 1588 817 1640; x_wconf 79' lang='lat' dir='ltr'>signaturae</span> <span class='ocrx_word' id='word_1_137' title='bbox 843 1582 1009 1640; x_wconf 66' lang='lat' dir='ltr'>consistit</span> <span class='ocrx_word' id='word_1_138' title='bbox 1030 1613 1046 1634; x_wconf 89' lang='lat'>,</span> <span class='ocrx_word' id='word_1_139' title='bbox 1070 1583 1319 1640; x_wconf 53' lang='lat' dir='ltr'>preest-nem</span> 
     </span>
     <span class='ocr_line' id='line_1_23' title="bbox 279 1641 1316 1701; baseline -0.004 -11"><span class='ocrx_word' id='word_1_140' title='bbox 279 1644 518 1701; x_wconf 65' lang='lat' dir='ltr'>Sanfilffmo</span> <span class='ocrx_word' id='word_1_141' title='bbox 543 1643 715 1685; x_wconf 84' lang='lat' dir='ltr'>Domino</span> <span class='ocrx_word' id='word_1_142' title='bbox 733 1641 874 1698; x_wconf 81' lang='lat' dir='ltr'><em>Nostro</em></span> <span class='ocrx_word' id='word_1_143' title='bbox 902 1647 937 1683; x_wconf 90' lang='lat' dir='ltr'><em>B</em></span> <span class='ocrx_word' id='word_1_144' title='bbox 952 1645 986 1684; x_wconf 88' lang='lat' dir='ltr'><em>E</em></span> <span class='ocrx_word' id='word_1_145' title='bbox 999 1644 1043 1684; x_wconf 88' lang='lat' dir='ltr'><strong><em>N</em></strong></span> <span class='ocrx_word' id='word_1_146' title='bbox 1056 1646 1087 1685; x_wconf 83' lang='lat' dir='ltr'><em>E</em></span> <span class='ocrx_word' id='word_1_147' title='bbox 1104 1645 1178 1686; x_wconf 86' lang='lat' dir='ltr'>DI</span> <span class='ocrx_word' id='word_1_148' title='bbox 1191 1646 1227 1685; x_wconf 91' lang='lat' dir='ltr'><em>C</em></span> <span class='ocrx_word' id='word_1_149' title='bbox 1243 1647 1316 1686; x_wconf 88' lang='lat' dir='ltr'>TO</span> 
     </span>
     <span class='ocr_line' id='line_1_24' title="bbox 282 1699 1314 1758; baseline -0.005 -9"><span class='ocrx_word' id='word_1_150' title='bbox 282 1710 354 1749; x_wconf 88' lang='grc' dir='ltr'>ΡΡ.</span> <span class='ocrx_word' id='word_1_151' title='bbox 375 1707 476 1749; x_wconf 86' lang='lat' dir='ltr'><em>XIV.</em></span> <span class='ocrx_word' id='word_1_152' title='bbox 496 1732 511 1754; x_wconf 83' lang='lat'>.,</span> <span class='ocrx_word' id='word_1_153' title='bbox 533 1711 611 1758; x_wconf 80' lang='lat' dir='ltr'>per</span> <span class='ocrx_word' id='word_1_154' title='bbox 634 1705 679 1744; x_wconf 85' lang='lat' dir='ltr'>R.</span> <span class='ocrx_word' id='word_1_155' title='bbox 698 1704 754 1743; x_wconf 88' lang='lat' dir='ltr'>D.</span> <span class='ocrx_word' id='word_1_156' title='bbox 772 1705 826 1743; x_wconf 87' lang='lat' dir='ltr'>D.</span> <span class='ocrx_word' id='word_1_157' title='bbox 841 1699 1143 1758; x_wconf 81' lang='lat' dir='ltr'>Maresufihum</span> <span class='ocrx_word' id='word_1_158' title='bbox 1157 1703 1314 1755; x_wconf 82' lang='lat' dir='ltr'>relata,</span> 
     </span>
     <span class='ocr_line' id='line_1_25' title="bbox 280 1760 1318 1819; baseline -0.003 -12"><span class='ocrx_word' id='word_1_159' title='bbox 280 1765 417 1807; x_wconf 81' lang='lat' dir='ltr'>audito</span> <span class='ocrx_word' id='word_1_160' title='bbox 444 1762 597 1818; x_wconf 76' lang='lat' dir='ltr'><em>divisim</em></span> <span class='ocrx_word' id='word_1_161' title='bbox 618 1763 841 1804; x_wconf 71' lang='lat' dir='ltr'>vetantium</span> <span class='ocrx_word' id='word_1_162' title='bbox 851 1760 977 1819; x_wconf 72' lang='lat' dir='ltr'>stnstt</span> <span class='ocrx_word' id='word_1_163' title='bbox 988 1760 1148 1816; x_wconf 76' lang='lat' dir='ltr'>prodiit</span> <span class='ocrx_word' id='word_1_164' title='bbox 1163 1761 1318 1819; x_wconf 79' lang='lat' dir='ltr'>Rese&#39;rt&#39;-</span> 
     </span>
     <span class='ocr_line' id='line_1_26' title="bbox 275 1817 775 1882; baseline -0.016 -14"><span class='ocrx_word' id='word_1_165' title='bbox 275 1835 394 1882; x_wconf 81' lang='lat' dir='ltr'>ptum</span> <span class='ocrx_word' id='word_1_166' title='bbox 420 1821 637 1880; x_wconf 72' lang='lat' dir='ltr'>exprffem</span> <span class='ocrx_word' id='word_1_167' title='bbox 659 1817 775 1865; x_wconf 83' lang='lat' dir='ltr'>Verbo</span> 
     </span>
    </p>
   </div>
   <div class='ocr_carea' id='block_1_2' title="bbox 747 1998 966 2042">
    <p class='ocr_par' dir='ltr' id='par_1_3' title="bbox 747 1998 966 2042">
     <span class='ocr_line' id='line_1_27' title="bbox 747 1998 966 2042; baseline 0 -2"><span class='ocrx_word' id='word_1_168' title='bbox 747 1998 966 2042; x_wconf 83' lang='lat' dir='ltr'><em>NIHIL</em></span> 
     </span>
    </p>
   </div>
   <div class='ocr_carea' id='block_1_3' title="bbox 268 2171 1317 2299">
    <p class='ocr_par' dir='ltr' id='par_1_4' title="bbox 268 2171 1317 2299">
     <span class='ocr_line' id='line_1_28' title="bbox 286 2171 1316 2237; baseline -0.002 -17"><span class='ocrx_word' id='word_1_169' title='bbox 286 2194 292 2201; x_wconf 64' lang='grc'><strong><em>’</em></strong></span> <span class='ocrx_word' id='word_1_170' title='bbox 338 2177 461 2237; x_wconf 58' lang='lat' dir='ltr'>¹Quod</span> <span class='ocrx_word' id='word_1_171' title='bbox 482 2206 497 2227; x_wconf 90' lang='lat'><strong>,</strong></span> <span class='ocrx_word' id='word_1_172' title='bbox 530 2172 685 2219; x_wconf 79' lang='lat' dir='ltr'>unitum</span> <span class='ocrx_word' id='word_1_173' title='bbox 717 2171 846 2216; x_wconf 80' lang='lat' dir='ltr'><em>Verbis</em></span> <span class='ocrx_word' id='word_1_174' title='bbox 878 2175 958 2214; x_wconf 83' lang='lat' dir='ltr'>DE</span> <span class='ocrx_word' id='word_1_175' title='bbox 991 2174 1316 2224; x_wconf 83' lang='lat' dir='ltr'><strong><em>PETITIONE,</em></strong></span> 
     </span>
     <span class='ocr_line' id='line_1_29' title="bbox 268 2230 1317 2299; baseline -0.014 -15"><span class='ocrx_word' id='word_1_176' title='bbox 268 2241 395 2299; x_wconf 80' lang='lat' dir='ltr'>juxta</span> <span class='ocrx_word' id='word_1_177' title='bbox 424 2234 537 2292; x_wconf 68' lang='lat' dir='ltr'>ufitm</span> <span class='ocrx_word' id='word_1_178' title='bbox 566 2231 778 2290; x_wconf 75' lang='lat' dir='ltr'>&amp;stylum</span> <span class='ocrx_word' id='word_1_179' title='bbox 803 2234 846 2272; x_wconf 81' lang='lat' dir='ltr'>in</span> <span class='ocrx_word' id='word_1_180' title='bbox 865 2230 1066 2287; x_wconf 69' lang='lat' dir='ltr'>Rssripto</span> <span class='ocrx_word' id='word_1_181' title='bbox 1077 2232 1288 2290; x_wconf 65' lang='lat' dir='ltr'>steppreffls</span> <span class='ocrx_word' id='word_1_182' title='bbox 1302 2260 1317 2283; x_wconf 84' lang='lat'><strong>‚</strong></span> 
     </span>
    </p>
   </div>
   <div class='ocr_carea' id='block_1_4' title="bbox 277 2291 1315 2414">
    <p class='ocr_par' dir='ltr' id='par_1_5' title="bbox 277 2291 1315 2414">
     <span class='ocr_line' id='line_1_30' title="bbox 277 2291 1315 2349; baseline -0.009 -6"><span class='ocrx_word' id='word_1_183' title='bbox 277 2310 403 2343; x_wconf 81' lang='lat' dir='ltr'>totam</span> <span class='ocrx_word' id='word_1_184' title='bbox 441 2297 528 2337; x_wconf 89' lang='lat' dir='ltr'>RR.</span> <span class='ocrx_word' id='word_1_185' title='bbox 558 2295 628 2336; x_wconf 90' lang='grc' dir='ltr'>ΡΡ.</span> <span class='ocrx_word' id='word_1_186' title='bbox 660 2291 982 2349; x_wconf 65' lang='lat' dir='ltr'>Reformatorum</span> <span class='ocrx_word' id='word_1_187' title='bbox 1013 2291 1246 2347; x_wconf 69' lang='lat' dir='ltr'>instantiam</span> <span class='ocrx_word' id='word_1_188' title='bbox 1270 2295 1315 2334; x_wconf 74' lang='lat' dir='ltr'>in</span> 
     </span>
     <span class='ocr_line' id='line_1_31' title="bbox 277 2348 1314 2414; baseline -0.005 -16"><span class='ocrx_word' id='word_1_189' title='bbox 277 2358 401 2403; x_wconf 72' lang='lat' dir='ltr'>nihzlo</span> <span class='ocrx_word' id='word_1_190' title='bbox 417 2353 544 2414; x_wconf 74' lang='lat' dir='ltr'>fuffl</span> <span class='ocrx_word' id='word_1_191' title='bbox 559 2349 782 2407; x_wconf 84' lang='lat' dir='ltr'>fundatam</span> <span class='ocrx_word' id='word_1_192' title='bbox 810 2378 826 2402; x_wconf 87' lang='lat'><strong>,</strong></span> <span class='ocrx_word' id='word_1_193' title='bbox 861 2350 911 2400; x_wconf 63' lang='grc' dir='ltr'>(ς’</span> <span class='ocrx_word' id='word_1_194' title='bbox 948 2348 1055 2393; x_wconf 80' lang='lat' dir='ltr'>nihil</span> <span class='ocrx_word' id='word_1_195' title='bbox 1082 2351 1314 2395; x_wconf 71' lang='lat' dir='ltr'>attentionis</span> 
     </span>
    </p>
   </div>
   <div class='ocr_carea' id='block_1_5' title="bbox 277 2411 672 2473">
    <p class='ocr_par' dir='ltr' id='par_1_6' title="bbox 277 2411 672 2473">
     <span class='ocr_line' id='line_1_32' title="bbox 277 2411 672 2473; baseline -0.023 -10"><span class='ocrx_word' id='word_1_196' title='bbox 277 2419 424 2462; x_wconf 72' lang='lat' dir='ltr'>mereri</span> <span class='ocrx_word' id='word_1_197' title='bbox 445 2411 646 2473; x_wconf 80' lang='lat' dir='ltr'>significat</span> <span class='ocrx_word' id='word_1_198' title='bbox 659 2439 672 2452; x_wconf 84' lang='lat'><strong>.</strong></span> 
     </span>
    </p>
   </div>
   <div class='ocr_carea' id='block_1_6' title="bbox 276 2589 1314 2710">
    <p class='ocr_par' dir='ltr' id='par_1_7' title="bbox 276 2589 1314 2710">
     <span class='ocr_line' id='line_1_33' title="bbox 278 2589 1314 2654; baseline -0.009 -15"><span class='ocrx_word' id='word_1_199' title='bbox 278 2602 282 2605; x_wconf 86' lang='grc'><strong>’</strong></span> <span class='ocrx_word' id='word_1_200' title='bbox 337 2593 482 2654; x_wconf 71' lang='lat' dir='ltr'>Regist.</span> <span class='ocrx_word' id='word_1_201' title='bbox 506 2590 551 2634; x_wconf 85' lang='lat' dir='ltr'>in</span> <span class='ocrx_word' id='word_1_202' title='bbox 567 2590 722 2649; x_wconf 67' lang='lat' dir='ltr'>&amp;egesto</span> <span class='ocrx_word' id='word_1_203' title='bbox 738 2589 933 2647; x_wconf 81' lang='lat' dir='ltr'>Restript.</span> <span class='ocrx_word' id='word_1_204' title='bbox 957 2590 1186 2644; x_wconf 56' lang='lat' dir='ltr'>stssgnaturae</span> <span class='ocrx_word' id='word_1_205' title='bbox 1202 2591 1314 2646; x_wconf 63' lang='lat' dir='ltr'>Gra-7</span> 
     </span>
     <span class='ocr_line' id='line_1_34' title="bbox 276 2646 1052 2710; baseline -0.013 -9"><span class='ocrx_word' id='word_1_206' title='bbox 276 2661 345 2701; x_wconf 67' lang='lat' dir='ltr'>tie</span> <span class='ocrx_word' id='word_1_207' title='bbox 362 2655 426 2700; x_wconf 80' lang='lat' dir='ltr'>die</span> <span class='ocrx_word' id='word_1_208' title='bbox 441 2682 457 2707; x_wconf 64' lang='lat'><em>2</em></span> <span class='ocrx_word' id='word_1_209' title='bbox 479 2652 609 2710; x_wconf 83' lang='lat' dir='ltr'>menst·</span> <span class='ocrx_word' id='word_1_210' title='bbox 631 2653 680 2702; x_wconf 66' lang='grc' dir='ltr'>ω’</span> <span class='ocrx_word' id='word_1_211' title='bbox 702 2662 805 2695; x_wconf 87' lang='lat' dir='ltr'>anno</span> <span class='ocrx_word' id='word_1_212' title='bbox 818 2646 1025 2706; x_wconf 66' lang='lat' dir='ltr'>praemis</span> <span class='ocrx_word' id='word_1_213' title='bbox 1038 2677 1052 2691; x_wconf 87' lang='lat'><strong>.</strong></span> 
     </span>
    </p>
   </div>
   <div class='ocr_carea' id='block_1_7' title="bbox 778 215 1936 335">
    <p class='ocr_par' dir='ltr' id='par_1_8' title="bbox 778 215 1936 335">
     <span class='ocr_line' id='line_1_35' title="bbox 778 215 1936 335; baseline -0.005 -28"><span class='ocrx_word' id='word_1_214' title='bbox 778 216 1225 335; x_wconf 77' lang='lat' dir='ltr'>Custodia</span> <span class='ocrx_word' id='word_1_215' title='bbox 1295 215 1936 305; x_wconf 80' lang='lat' dir='ltr'>Tridentina.</span> 
     </span>
    </p>
   </div>
   <div class='ocr_carea' id='block_1_8' title="bbox 1385 335 2434 835">
    <p class='ocr_par' dir='ltr' id='par_1_9' title="bbox 1385 335 2430 391">
     <span class='ocr_line' id='line_1_36' title="bbox 1385 335 2430 391; baseline 0.002 -3"><span class='ocrx_word' id='word_1_216' title='bbox 1385 335 1719 388; x_wconf 67' lang='lat' dir='ltr'>Praedistorum</span> <span class='ocrx_word' id='word_1_217' title='bbox 1739 336 1944 386; x_wconf 87' lang='lat' dir='ltr'>duorum</span> <span class='ocrx_word' id='word_1_218' title='bbox 1966 337 2307 388; x_wconf 74' lang='lat' dir='ltr'>conventuum</span> <span class='ocrx_word' id='word_1_219' title='bbox 2327 357 2430 391; x_wconf 83' lang='lat' dir='ltr'>cau-</span> 
     </span>
    </p>

    <p class='ocr_par' dir='ltr' id='par_1_10' title="bbox 1402 406 2434 615">
     <span class='ocr_line' id='line_1_37' title="bbox 1402 406 2431 478; baseline 0.003 -19"><span class='ocrx_word' id='word_1_220' title='bbox 1402 423 1405 428; x_wconf 88' lang='lat'>&#39;</span> <span class='ocrx_word' id='word_1_221' title='bbox 1458 406 1554 459; x_wconf 85' lang='lat' dir='ltr'>sam</span> <span class='ocrx_word' id='word_1_222' title='bbox 1579 409 1628 457; x_wconf 89' lang='lat' dir='ltr'>in</span> <span class='ocrx_word' id='word_1_223' title='bbox 1662 410 1914 478; x_wconf 75' lang='lat' dir='ltr'>Signatum</span> <span class='ocrx_word' id='word_1_224' title='bbox 1942 407 2104 477; x_wconf 84' lang='lat' dir='ltr'>gratiae</span> <span class='ocrx_word' id='word_1_225' title='bbox 2135 406 2193 455; x_wconf 82' lang='lat' dir='ltr'>ad</span> <span class='ocrx_word' id='word_1_226' title='bbox 2211 412 2431 461; x_wconf 81' lang='lat' dir='ltr'>Fratrum</span> 
     </span>
     <span class='ocr_line' id='line_1_38' title="bbox 1455 476 2434 538; baseline 0.003 -9"><span class='ocrx_word' id='word_1_227' title='bbox 1455 477 1720 529; x_wconf 85' lang='lat' dir='ltr'>nostrorum</span> <span class='ocrx_word' id='word_1_228' title='bbox 1740 476 1954 538; x_wconf 88' lang='lat' dir='ltr'>favorem</span> <span class='ocrx_word' id='word_1_229' title='bbox 1973 476 2174 528; x_wconf 86' lang='lat' dir='ltr'>decisam</span> <span class='ocrx_word' id='word_1_230' title='bbox 2189 513 2205 536; x_wconf 90' lang='lat'><strong>,</strong></span> <span class='ocrx_word' id='word_1_231' title='bbox 2246 479 2434 532; x_wconf 73' lang='lat' dir='ltr'>decifio-</span> 
     </span>
     <span class='ocr_line' id='line_1_39' title="bbox 1457 547 2431 615; baseline 0.005 -16"><span class='ocrx_word' id='word_1_232' title='bbox 1457 567 1564 599; x_wconf 85' lang='lat' dir='ltr'>nem</span> <span class='ocrx_word' id='word_1_233' title='bbox 1594 549 1620 598; x_wconf 66' lang='lat' dir='ltr'>a</span> <span class='ocrx_word' id='word_1_234' title='bbox 1650 548 1693 599; x_wconf 92' lang='lat' dir='ltr'>se</span> <span class='ocrx_word' id='word_1_235' title='bbox 1719 548 2077 608; x_wconf 85' lang='lat' dir='ltr'>confirmatam,</span> <span class='ocrx_word' id='word_1_236' title='bbox 2109 547 2159 600; x_wconf 76' lang='grc' dir='ltr'>ἃ</span> <span class='ocrx_word' id='word_1_237' title='bbox 2177 550 2286 600; x_wconf 73' lang='lat' dir='ltr'>exin‘</span> <span class='ocrx_word' id='word_1_238' title='bbox 2301 551 2431 615; x_wconf 86' lang='lat' dir='ltr'>justi-</span> 
     </span>
    </p>

    <p class='ocr_par' dir='ltr' id='par_1_11' title="bbox 1401 618 2430 835">
     <span class='ocr_line' id='line_1_40' title="bbox 1401 618 2430 690; baseline 0.003 -21"><span class='ocrx_word' id='word_1_239' title='bbox 1401 654 1404 662; x_wconf 44' lang='lat' dir='ltr'><em>f</em></span> <span class='ocrx_word' id='word_1_240' title='bbox 1457 623 1573 671; x_wconf 86' lang='lat' dir='ltr'>tiam</span> <span class='ocrx_word' id='word_1_241' title='bbox 1590 618 1639 673; x_wconf 85' lang='lat'>&amp;</span> <span class='ocrx_word' id='word_1_242' title='bbox 1656 625 1826 672; x_wconf 88' lang='lat' dir='ltr'>merito</span> <span class='ocrx_word' id='word_1_243' title='bbox 1844 619 2061 679; x_wconf 75' lang='lat' dir='ltr'>causae,&amp;</span> <span class='ocrx_word' id='word_1_244' title='bbox 2074 621 2183 672; x_wconf 30' lang='lat' dir='ltr'>&#39;zelo</span> <span class='ocrx_word' id='word_1_245' title='bbox 2194 620 2430 690; x_wconf 80' lang='lat' dir='ltr'>Episcopi,</span> 
     </span>
     <span class='ocr_line' id='line_1_41' title="bbox 1455 689 2427 764; baseline 0.001 -21"><span class='ocrx_word' id='word_1_246' title='bbox 1455 696 1505 743; x_wconf 87' lang='lat' dir='ltr'>S.</span> <span class='ocrx_word' id='word_1_247' title='bbox 1528 696 1588 742; x_wconf 85' lang='lat' dir='ltr'>R.</span> <span class='ocrx_word' id='word_1_248' title='bbox 1609 695 1650 742; x_wconf 91' lang='grc' dir='ltr'>Ι.</span> <span class='ocrx_word' id='word_1_249' title='bbox 1671 694 1895 764; x_wconf 84' lang='lat' dir='ltr'>Principis</span> <span class='ocrx_word' id='word_1_250' title='bbox 1926 691 2093 744; x_wconf 69' lang='lat' dir='ltr'>factam</span> <span class='ocrx_word' id='word_1_251' title='bbox 2117 689 2202 742; x_wconf 81' lang='lat' dir='ltr'>effe</span> <span class='ocrx_word' id='word_1_252' title='bbox 2215 727 2234 752; x_wconf 88' lang='lat'>,</span> <span class='ocrx_word' id='word_1_253' title='bbox 2260 692 2427 744; x_wconf 79' lang='lat' dir='ltr'>eidem</span> 
     </span>
     <span class='ocr_line' id='line_1_42' title="bbox 1453 761 1706 835; baseline 0.004 -22"><span class='ocrx_word' id='word_1_254' title='bbox 1453 761 1706 835; x_wconf 82' lang='lat' dir='ltr'>fignificat.</span> 
     </span>
    </p>
   </div>
   <div class='ocr_carea' id='block_1_9' title="bbox 1478 904 2326 1009">
    <p class='ocr_par' dir='ltr' id='par_1_12' title="bbox 1478 904 2326 1009">
     <span class='ocr_line' id='line_1_43' title="bbox 1478 904 2326 963; baseline -0.004 -14"><span class='ocrx_word' id='word_1_255' title='bbox 1478 907 1515 949; x_wconf 82' lang='lat' dir='ltr'>A</span> <span class='ocrx_word' id='word_1_256' title='bbox 1532 914 1680 961; x_wconf 84' lang='lat' dir='ltr'>tergo:</span> <span class='ocrx_word' id='word_1_257' title='bbox 1721 905 1944 951; x_wconf 71' lang='lat' dir='ltr'>Venerabili</span> <span class='ocrx_word' id='word_1_258' title='bbox 1967 905 2112 951; x_wconf 78' lang='lat' dir='ltr'>Fratri</span> <span class='ocrx_word' id='word_1_259' title='bbox 2136 904 2326 963; x_wconf 76' lang='lat' dir='ltr'><em>Epssopo</em></span> 
     </span>
     <span class='ocr_line' id='line_1_44' title="bbox 1771 966 2024 1009; baseline -0.008 0"><span class='ocrx_word' id='word_1_260' title='bbox 1771 966 2024 1009; x_wconf 79' lang='lat' dir='ltr'>Tridentino.</span> 
     </span>
    </p>
   </div>
   <div class='ocr_carea' id='block_1_10' title="bbox 1381 1096 2422 1154">
    <p class='ocr_par' dir='ltr' id='par_1_13' title="bbox 1381 1096 2422 1154">
     <span class='ocr_line' id='line_1_45' title="bbox 1381 1096 2422 1154; baseline 0.003 -9"><span class='ocrx_word' id='word_1_261' title='bbox 1381 1098 1916 1154; x_wconf 84' lang='lat' dir='ltr'>BENEDICTUS</span> <span class='ocrx_word' id='word_1_262' title='bbox 1976 1096 2186 1148; x_wconf 88' lang='lat' dir='ltr'>PAPA</span> <span class='ocrx_word' id='word_1_263' title='bbox 2247 1097 2422 1148; x_wconf 86' lang='lat' dir='ltr'>XIV.</span> 
     </span>
    </p>
   </div>
   <div class='ocr_carea' id='block_1_11' title="bbox 1419 1222 2398 1330">
    <p class='ocr_par' dir='ltr' id='par_1_14' title="bbox 1419 1222 2398 1330">
     <span class='ocr_line' id='line_1_46' title="bbox 1419 1222 2398 1286; baseline -0.002 -16"><span class='ocrx_word' id='word_1_264' title='bbox 1419 1223 1656 1270; x_wconf 67' lang='lat' dir='ltr'>Venerabilis</span> <span class='ocrx_word' id='word_1_265' title='bbox 1681 1231 1834 1272; x_wconf 83' lang='lat' dir='ltr'>Frater</span> <span class='ocrx_word' id='word_1_266' title='bbox 1847 1226 2028 1286; x_wconf 76' lang='lat' dir='ltr'>filatem</span> <span class='ocrx_word' id='word_1_267' title='bbox 2061 1224 2116 1275; x_wconf 61' lang='grc' dir='ltr'>ῤ’</span> <span class='ocrx_word' id='word_1_268' title='bbox 2132 1222 2398 1281; x_wconf 80' lang='lat' dir='ltr'>Apostolicam</span> 
     </span>
     <span class='ocr_line' id='line_1_47' title="bbox 1730 1286 2072 1330; baseline -0.006 -2"><span class='ocrx_word' id='word_1_269' title='bbox 1730 1286 2042 1330; x_wconf 68' lang='lat' dir='ltr'>Benediffienem</span> <span class='ocrx_word' id='word_1_270' title='bbox 2059 1313 2072 1326; x_wconf 87' lang='lat'><strong>.</strong></span> 
     </span>
    </p>
   </div>
   <div class='ocr_carea' id='block_1_12' title="bbox 1373 1400 2428 2527">
    <p class='ocr_par' dir='ltr' id='par_1_15' title="bbox 1373 1400 2428 2288">
     <span class='ocr_line' id='line_1_48' title="bbox 1498 1400 2428 1458; baseline 0 -12"><span class='ocrx_word' id='word_1_271' title='bbox 1498 1403 1694 1458; x_wconf 83' lang='lat' dir='ltr'>Eceptam</span> <span class='ocrx_word' id='word_1_272' title='bbox 1708 1405 1788 1449; x_wconf 82' lang='lat' dir='ltr'>effe</span> <span class='ocrx_word' id='word_1_273' title='bbox 1811 1406 1835 1450; x_wconf 69' lang='grc' dir='ltr'>ὲ</span> <span class='ocrx_word' id='word_1_274' title='bbox 1851 1404 1983 1448; x_wconf 85' lang='lat' dir='ltr'>Nobis</span> <span class='ocrx_word' id='word_1_275' title='bbox 2010 1416 2131 1445; x_wconf 88' lang='lat' dir='ltr'>unam</span> <span class='ocrx_word' id='word_1_276' title='bbox 2155 1400 2315 1446; x_wconf 81' lang='lat' dir='ltr'>suarum</span> <span class='ocrx_word' id='word_1_277' title='bbox 2331 1404 2428 1448; x_wconf 83' lang='lat' dir='ltr'>Lit-</span> 
     </span>
     <span class='ocr_line' id='line_1_49' title="bbox 1525 1461 2420 1520; baseline 0.003 -17"><span class='ocrx_word' id='word_1_278' title='bbox 1525 1471 1725 1516; x_wconf 83' lang='lat' dir='ltr'>terarum,</span> <span class='ocrx_word' id='word_1_279' title='bbox 1737 1465 1806 1508; x_wconf 85' lang='lat' dir='ltr'>sub</span> <span class='ocrx_word' id='word_1_280' title='bbox 1822 1477 1886 1507; x_wconf 83' lang='lat'>22.</span> <span class='ocrx_word' id='word_1_281' title='bbox 1905 1462 2147 1506; x_wconf 81' lang='lat' dir='ltr'>Decembris</span> <span class='ocrx_word' id='word_1_282' title='bbox 2161 1461 2299 1505; x_wconf 87' lang='lat' dir='ltr'>datam</span> <span class='ocrx_word' id='word_1_283' title='bbox 2313 1477 2420 1520; x_wconf 83' lang='lat' dir='ltr'>,qua</span> 
     </span>
     <span class='ocr_line' id='line_1_50' title="bbox 1380 1518 2420 1579; baseline 0.001 -14"><span class='ocrx_word' id='word_1_284' title='bbox 1380 1522 1516 1565; x_wconf 88' lang='lat' dir='ltr'>Nobis</span> <span class='ocrx_word' id='word_1_285' title='bbox 1545 1531 1684 1564; x_wconf 85' lang='lat' dir='ltr'>notam</span> <span class='ocrx_word' id='word_1_286' title='bbox 1712 1523 2021 1579; x_wconf 76' lang='lat' dir='ltr'>Capucinorum</span> <span class='ocrx_word' id='word_1_287' title='bbox 2035 1518 2212 1564; x_wconf 76' lang='lat' dir='ltr'>Causam</span> <span class='ocrx_word' id='word_1_288' title='bbox 2241 1533 2420 1566; x_wconf 67' lang='lat' dir='ltr'>contra.»</span> 
     </span>
     <span class='ocr_line' id='line_1_51' title="bbox 1379 1576 2423 1636; baseline -0.002 -12"><span class='ocrx_word' id='word_1_289' title='bbox 1379 1583 1460 1624; x_wconf 89' lang='grc' dir='ltr'>ΡΡ.</span> <span class='ocrx_word' id='word_1_290' title='bbox 1477 1581 1745 1625; x_wconf 74' lang='lat' dir='ltr'>Reformatos</span> <span class='ocrx_word' id='word_1_291' title='bbox 1778 1580 2040 1626; x_wconf 85' lang='lat' dir='ltr'>commendat</span> <span class='ocrx_word' id='word_1_292' title='bbox 2055 1607 2070 1631; x_wconf 85' lang='lat'><strong>‚</strong></span> <span class='ocrx_word' id='word_1_293' title='bbox 2099 1576 2206 1624; x_wconf 87' lang='lat' dir='ltr'>hisce</span> <span class='ocrx_word' id='word_1_294' title='bbox 2223 1578 2423 1636; x_wconf 75' lang='lat' dir='ltr'>fignifica-</span> 
     </span>
     <span class='ocr_line' id='line_1_52' title="bbox 1375 1639 2423 1696; baseline -0.002 -13"><span class='ocrx_word' id='word_1_295' title='bbox 1375 1655 1463 1683; x_wconf 90' lang='lat' dir='ltr'>mus</span> <span class='ocrx_word' id='word_1_296' title='bbox 1477 1671 1490 1681; x_wconf 89' lang='lat'><strong><em>.</em></strong></span> <span class='ocrx_word' id='word_1_297' title='bbox 1524 1642 1620 1684; x_wconf 83' lang='lat' dir='ltr'>Fuit</span> <span class='ocrx_word' id='word_1_298' title='bbox 1651 1642 1734 1685; x_wconf 85' lang='lat' dir='ltr'>haec</span> <span class='ocrx_word' id='word_1_299' title='bbox 1760 1642 1801 1684; x_wconf 91' lang='lat' dir='ltr'>in</span> <span class='ocrx_word' id='word_1_300' title='bbox 1816 1642 2032 1696; x_wconf 78' lang='lat' dir='ltr'>signatura</span> <span class='ocrx_word' id='word_1_301' title='bbox 2046 1639 2199 1683; x_wconf 84' lang='lat' dir='ltr'>Gratiae</span> <span class='ocrx_word' id='word_1_302' title='bbox 2216 1639 2423 1685; x_wconf 55' lang='lat' dir='ltr'>manedi-</span> 
     </span>
     <span class='ocr_line' id='line_1_53' title="bbox 1373 1698 2424 1757; baseline -0.003 -14"><span class='ocrx_word' id='word_1_303' title='bbox 1373 1701 1413 1743; x_wconf 91' lang='lat' dir='ltr'>ei</span> <span class='ocrx_word' id='word_1_304' title='bbox 1433 1700 1576 1743; x_wconf 73' lang='lat' dir='ltr'>Martis</span> <span class='ocrx_word' id='word_1_305' title='bbox 1605 1701 1789 1757; x_wconf 67' lang='lat' dir='ltr'>proximi:</span> <span class='ocrx_word' id='word_1_306' title='bbox 1802 1701 2000 1757; x_wconf 72' lang='lat' dir='ltr'>praeteriti</span> <span class='ocrx_word' id='word_1_307' title='bbox 2014 1713 2153 1742; x_wconf 83' lang='lat' dir='ltr'>coram</span> <span class='ocrx_word' id='word_1_308' title='bbox 2166 1698 2296 1741; x_wconf 84' lang='lat' dir='ltr'>Nobis</span> <span class='ocrx_word' id='word_1_309' title='bbox 2323 1713 2424 1754; x_wconf 76' lang='lat' dir='ltr'>pro-</span> 
     </span>
     <span class='ocr_line' id='line_1_54' title="bbox 1378 1758 2421 1816; baseline 0 -14"><span class='ocrx_word' id='word_1_310' title='bbox 1378 1758 1527 1816; x_wconf 78' lang='lat' dir='ltr'>pofita,</span> <span class='ocrx_word' id='word_1_311' title='bbox 1542 1760 1583 1803; x_wconf 87' lang='lat'>&amp;</span> <span class='ocrx_word' id='word_1_312' title='bbox 1596 1760 1722 1816; x_wconf 88' lang='lat' dir='ltr'>pleno</span> <span class='ocrx_word' id='word_1_313' title='bbox 1734 1787 1749 1809; x_wconf 70' lang='lat' dir='ltr'>a</span> <span class='ocrx_word' id='word_1_314' title='bbox 1762 1761 2051 1816; x_wconf 77' lang='lat' dir='ltr'>communique</span> <span class='ocrx_word' id='word_1_315' title='bbox 2068 1769 2167 1801; x_wconf 83' lang='lat' dir='ltr'>voto</span> <span class='ocrx_word' id='word_1_316' title='bbox 2178 1759 2231 1802; x_wconf 73' lang='lat' dir='ltr'>ad</span> <span class='ocrx_word' id='word_1_317' title='bbox 2251 1760 2421 1803; x_wconf 62' lang='lat' dir='ltr'>Paea-</span> 
     </span>
     <span class='ocr_line' id='line_1_55' title="bbox 1376 1818 2418 1877; baseline 0 -16"><span class='ocrx_word' id='word_1_318' title='bbox 1376 1819 1623 1877; x_wconf 85' lang='lat' dir='ltr'>pucinorum</span> <span class='ocrx_word' id='word_1_319' title='bbox 1645 1818 1831 1864; x_wconf 78' lang='lat' dir='ltr'>favorem</span> <span class='ocrx_word' id='word_1_320' title='bbox 1846 1819 1980 1863; x_wconf 76' lang='lat' dir='ltr'>decisa</span> <span class='ocrx_word' id='word_1_321' title='bbox 1996 1845 2011 1867; x_wconf 65' lang='lat'>2</span> <span class='ocrx_word' id='word_1_322' title='bbox 2041 1818 2209 1876; x_wconf 79' lang='lat' dir='ltr'>Nosque</span> <span class='ocrx_word' id='word_1_323' title='bbox 2231 1832 2418 1864; x_wconf 86' lang='lat' dir='ltr'>commu-</span> 
     </span>
     <span class='ocr_line' id='line_1_56' title="bbox 1381 1877 2419 1937; baseline -0.002 -15"><span class='ocrx_word' id='word_1_324' title='bbox 1381 1892 1476 1922; x_wconf 83' lang='lat' dir='ltr'>nem</span> <span class='ocrx_word' id='word_1_325' title='bbox 1501 1879 1654 1921; x_wconf 74' lang='lat' dir='ltr'>sensum</span> <span class='ocrx_word' id='word_1_326' title='bbox 1681 1879 1947 1937; x_wconf 84' lang='lat' dir='ltr'>approbando</span> <span class='ocrx_word' id='word_1_327' title='bbox 1961 1877 2151 1935; x_wconf 81' lang='lat' dir='ltr'>justitiam</span> <span class='ocrx_word' id='word_1_328' title='bbox 2176 1877 2419 1929; x_wconf 80' lang='lat' dir='ltr'>merito‚&amp;</span> 
     </span>
     <span class='ocr_line' id='line_1_57' title="bbox 1380 1936 2414 1988; baseline -0.001 -7"><span class='ocrx_word' id='word_1_329' title='bbox 1380 1939 1473 1981; x_wconf 84' lang='lat' dir='ltr'>zelo</span> <span class='ocrx_word' id='word_1_330' title='bbox 1498 1940 1786 1982; x_wconf 69' lang='lat' dir='ltr'>Eram-nitatis</span> <span class='ocrx_word' id='word_1_331' title='bbox 1814 1941 1911 1984; x_wconf 82' lang='lat' dir='ltr'>‘ruae</span> <span class='ocrx_word' id='word_1_332' title='bbox 1932 1936 2132 1988; x_wconf 84' lang='lat' dir='ltr'>fecimus,</span> <span class='ocrx_word' id='word_1_333' title='bbox 2157 1937 2197 1978; x_wconf 90' lang='lat'>&amp;</span> <span class='ocrx_word' id='word_1_334' title='bbox 2213 1937 2302 1987; x_wconf 82' lang='lat' dir='ltr'>liti,</span> <span class='ocrx_word' id='word_1_335' title='bbox 2327 1949 2414 1981; x_wconf 86' lang='lat' dir='ltr'>non</span> 
     </span>
     <span class='ocr_line' id='line_1_58' title="bbox 1377 1994 2414 2051; baseline 0 -12"><span class='ocrx_word' id='word_1_336' title='bbox 1377 2011 1430 2039; x_wconf 81' lang='lat' dir='ltr'>ex</span> <span class='ocrx_word' id='word_1_337' title='bbox 1455 1998 1661 2039; x_wconf 83' lang='lat' dir='ltr'>rationum</span> <span class='ocrx_word' id='word_1_338' title='bbox 1687 1999 1840 2040; x_wconf 85' lang='lat' dir='ltr'>merito</span> <span class='ocrx_word' id='word_1_339' title='bbox 1869 2026 1884 2049; x_wconf 85' lang='lat'>‚</span> <span class='ocrx_word' id='word_1_340' title='bbox 1921 1996 1989 2038; x_wconf 87' lang='lat' dir='ltr'>sed</span> <span class='ocrx_word' id='word_1_341' title='bbox 2021 1996 2214 2038; x_wconf 78' lang='lat' dir='ltr'>violentis</span> <span class='ocrx_word' id='word_1_342' title='bbox 2238 1994 2414 2051; x_wconf 79' lang='lat' dir='ltr'>desuper</span> 
     </span>
     <span class='ocr_line' id='line_1_59' title="bbox 1376 2054 2416 2111; baseline 0.001 -15"><span class='ocrx_word' id='word_1_343' title='bbox 1376 2055 1563 2111; x_wconf 80' lang='lat' dir='ltr'>impensis</span> <span class='ocrx_word' id='word_1_344' title='bbox 1577 2055 1721 2099; x_wconf 85' lang='lat' dir='ltr'>officiis</span> <span class='ocrx_word' id='word_1_345' title='bbox 1736 2084 1751 2107; x_wconf 81' lang='lat'>,</span> <span class='ocrx_word' id='word_1_346' title='bbox 1776 2057 1818 2097; x_wconf 75' lang='grc' dir='ltr'>δε</span> <span class='ocrx_word' id='word_1_347' title='bbox 1833 2054 2181 2099; x_wconf 86' lang='lat' dir='ltr'>succumbentium</span> <span class='ocrx_word' id='word_1_348' title='bbox 2195 2064 2416 2097; x_wconf 77' lang='lat' dir='ltr'>contuma-</span> 
     </span>
     <span class='ocr_line' id='line_1_60' title="bbox 1377 2113 2411 2170; baseline 0 -14"><span class='ocrx_word' id='word_1_349' title='bbox 1377 2114 1438 2158; x_wconf 83' lang='lat' dir='ltr'>cia</span> <span class='ocrx_word' id='word_1_350' title='bbox 1458 2114 1611 2158; x_wconf 81' lang='lat' dir='ltr'>celebri</span> <span class='ocrx_word' id='word_1_351' title='bbox 1627 2113 1750 2158; x_wconf 88' lang='lat' dir='ltr'>finem</span> <span class='ocrx_word' id='word_1_352' title='bbox 1767 2113 2023 2170; x_wconf 88' lang='lat' dir='ltr'>imposuimus</span> <span class='ocrx_word' id='word_1_353' title='bbox 2039 2114 2286 2169; x_wconf 87' lang='lat' dir='ltr'>imponimus</span> <span class='ocrx_word' id='word_1_354' title='bbox 2302 2115 2411 2156; x_wconf 83' lang='lat' dir='ltr'>hunc</span> 
     </span>
     <span class='ocr_line' id='line_1_61' title="bbox 1376 2172 2411 2231; baseline -0.002 -15"><span class='ocrx_word' id='word_1_355' title='bbox 1376 2175 1417 2216; x_wconf 73' lang='grc' dir='ltr'>δι</span> <span class='ocrx_word' id='word_1_356' title='bbox 1433 2172 1693 2231; x_wconf 84' lang='lat' dir='ltr'>praesentibus</span> <span class='ocrx_word' id='word_1_357' title='bbox 1709 2173 1977 2216; x_wconf 85' lang='lat' dir='ltr'>Fraternitati</span> <span class='ocrx_word' id='word_1_358' title='bbox 1994 2174 2105 2215; x_wconf 52' lang='grc' dir='ltr'>νΤιιε</span> <span class='ocrx_word' id='word_1_359' title='bbox 2131 2172 2411 2229; x_wconf 81' lang='lat' dir='ltr'>Apostolicam</span> 
     </span>
     <span class='ocr_line' id='line_1_62' title="bbox 1376 2233 2050 2288; baseline -0.003 -13"><span class='ocrx_word' id='word_1_360' title='bbox 1376 2234 1713 2277; x_wconf 65' lang='lat' dir='ltr'>Benedictionem</span> <span class='ocrx_word' id='word_1_361' title='bbox 1742 2233 2050 2288; x_wconf 78' lang='lat' dir='ltr'>impartientes.</span> 
     </span>
    </p>

    <p class='ocr_par' dir='ltr' id='par_1_16' title="bbox 1374 2287 2414 2527">
     <span class='ocr_line' id='line_1_63' title="bbox 1432 2287 2414 2348; baseline -0.001 -14"><span class='ocrx_word' id='word_1_362' title='bbox 1432 2294 1584 2336; x_wconf 77' lang='lat' dir='ltr'>Datum</span> <span class='ocrx_word' id='word_1_363' title='bbox 1599 2293 1739 2335; x_wconf 84' lang='lat' dir='ltr'>Romae</span> <span class='ocrx_word' id='word_1_364' title='bbox 1758 2291 1869 2348; x_wconf 88' lang='lat' dir='ltr'>apud</span> <span class='ocrx_word' id='word_1_365' title='bbox 1896 2294 2081 2334; x_wconf 61' lang='lat' dir='ltr'>Sanctam</span> <span class='ocrx_word' id='word_1_366' title='bbox 2097 2289 2265 2334; x_wconf 81' lang='lat' dir='ltr'>Mariam</span> <span class='ocrx_word' id='word_1_367' title='bbox 2277 2287 2414 2346; x_wconf 49' lang='lat' dir='ltr'>Maio}</span> 
     </span>
     <span class='ocr_line' id='line_1_64' title="bbox 1375 2349 2412 2407; baseline -0.003 -13"><span class='ocrx_word' id='word_1_368' title='bbox 1375 2365 1463 2394; x_wconf 74' lang='lat' dir='ltr'>rem</span> <span class='ocrx_word' id='word_1_369' title='bbox 1489 2351 1558 2395; x_wconf 83' lang='lat' dir='ltr'>sub</span> <span class='ocrx_word' id='word_1_370' title='bbox 1583 2354 1749 2395; x_wconf 85' lang='lat' dir='ltr'>Annulo</span> <span class='ocrx_word' id='word_1_371' title='bbox 1776 2351 1999 2396; x_wconf 82' lang='lat' dir='ltr'>Piscatotis</span> <span class='ocrx_word' id='word_1_372' title='bbox 2031 2349 2101 2394; x_wconf 84' lang='lat' dir='ltr'>die</span> <span class='ocrx_word' id='word_1_373' title='bbox 2123 2363 2185 2392; x_wconf 79' lang='lat' dir='ltr'>xv</span> <span class='ocrx_word' id='word_1_374' title='bbox 2205 2363 2236 2393; x_wconf 89' lang='grc' dir='ltr'>ι.</span> <span class='ocrx_word' id='word_1_375' title='bbox 2260 2352 2412 2407; x_wconf 81' lang='lat' dir='ltr'>Janua-</span> 
     </span>
     <span class='ocr_line' id='line_1_65' title="bbox 1374 2407 2410 2457; baseline -0.001 -4"><span class='ocrx_word' id='word_1_376' title='bbox 1374 2411 1425 2454; x_wconf 83' lang='lat' dir='ltr'>rii</span> <span class='ocrx_word' id='word_1_377' title='bbox 1465 2426 1500 2454; x_wconf 82' lang='lat' dir='ltr'>M</span> <span class='ocrx_word' id='word_1_378' title='bbox 1519 2426 1548 2453; x_wconf 85' lang='lat' dir='ltr'>n</span> <span class='ocrx_word' id='word_1_379' title='bbox 1564 2426 1591 2455; x_wconf 90' lang='lat' dir='ltr'>c</span> <span class='ocrx_word' id='word_1_380' title='bbox 1606 2425 1628 2453; x_wconf 94' lang='lat' dir='ltr'>c</span> <span class='ocrx_word' id='word_1_381' title='bbox 1645 2423 1671 2454; x_wconf 86' lang='lat' dir='ltr'><strong>x</strong></span> <span class='ocrx_word' id='word_1_382' title='bbox 1687 2428 1708 2457; x_wconf 79' lang='grc' dir='ltr'>ι,</span> <span class='ocrx_word' id='word_1_383' title='bbox 1729 2426 1768 2455; x_wconf 85' lang='lat' dir='ltr'>v.</span> <span class='ocrx_word' id='word_1_384' title='bbox 1812 2407 2079 2455; x_wconf 73' lang='lat' dir='ltr'>Pontificati&#39;is</span> <span class='ocrx_word' id='word_1_385' title='bbox 2124 2408 2249 2453; x_wconf 80' lang='lat' dir='ltr'>nostri.</span> <span class='ocrx_word' id='word_1_386' title='bbox 2289 2411 2410 2453; x_wconf 83' lang='lat' dir='ltr'>Anno</span> 
     </span>
     <span class='ocr_line' id='line_1_66' title="bbox 1374 2470 1550 2527; baseline -0.017 -12"><span class='ocrx_word' id='word_1_387' title='bbox 1374 2470 1524 2527; x_wconf 89' lang='lat' dir='ltr'>quinto</span> <span class='ocrx_word' id='word_1_388' title='bbox 1537 2499 1550 2512; x_wconf 87' lang='lat'><strong>.</strong></span> 
     </span>
    </p>
   </div>
   <div class='ocr_carea' id='block_1_13' title="bbox 1433 2636 2406 2744">
    <p class='ocr_par' dir='ltr' id='par_1_17' title="bbox 1433 2636 2406 2744">
     <span class='ocr_line' id='line_1_67' title="bbox 1433 2636 2406 2694; baseline 0.002 -12"><span class='ocrx_word' id='word_1_389' title='bbox 1433 2639 1612 2694; x_wconf 78' lang='lat' dir='ltr'>Exempl.</span> <span class='ocrx_word' id='word_1_390' title='bbox 1637 2636 1831 2682; x_wconf 77' lang='lat' dir='ltr'>Anthent.</span> <span class='ocrx_word' id='word_1_391' title='bbox 1856 2638 1899 2682; x_wconf 81' lang='lat' dir='ltr'>in</span> <span class='ocrx_word' id='word_1_392' title='bbox 1916 2637 2088 2683; x_wconf 76' lang='lat' dir='ltr'>Archivo</span> <span class='ocrx_word' id='word_1_393' title='bbox 2103 2638 2290 2682; x_wconf 80' lang='lat' dir='ltr'>Generale&#39;</span> <span class='ocrx_word' id='word_1_394' title='bbox 2308 2637 2406 2684; x_wconf 73' lang='lat' dir='ltr'>Orl-</span> 
     </span>
     <span class='ocr_line' id='line_1_68' title="bbox 1493 2697 2191 2744; baseline -0.001 -1"><span class='ocrx_word' id='word_1_395' title='bbox 1493 2702 1684 2743; x_wconf 78' lang='lat' dir='ltr'>Armorio</span> <span class='ocrx_word' id='word_1_396' title='bbox 1705 2697 1900 2743; x_wconf 67' lang='lat' dir='ltr'>Custodit</span> <span class='ocrx_word' id='word_1_397' title='bbox 1917 2699 2163 2744; x_wconf 83' lang='lat' dir='ltr'>Tridentina</span> <span class='ocrx_word' id='word_1_398' title='bbox 2178 2728 2191 2743; x_wconf 88' lang='lat'><strong>.</strong></span> 
     </span>
    </p>
   </div>
   <div class='ocr_carea' id='block_1_14' title="bbox 824 3131 1955 3452">
    <p class='ocr_par' dir='ltr' id='par_1_18' title="bbox 824 3131 1955 3452">
     <span class='ocr_line' id='line_1_69' title="bbox 824 3131 1955 3452; baseline 0 656"><span class='ocrx_word' id='word_1_399' title='bbox 824 3131 1955 3452; x_wconf 95' lang='lat' dir='ltr'> </span> 
     </span>
    </p>
   </div>
   <div class='ocr_carea' id='block_1_15' title="bbox 2242 3882 2344 3926">
    <p class='ocr_par' dir='ltr' id='par_1_19' title="bbox 2242 3882 2344 3926">
     <span class='ocr_line' id='line_1_70' title="bbox 2242 3882 2344 3926; baseline 0.01 -1"><span class='ocrx_word' id='word_1_400' title='bbox 2242 3882 2344 3926; x_wconf 88' lang='lat' dir='ltr'>CU-</span> 
     </span>
    </p>
   </div>
   <div class='ocr_carea' id='block_1_16' title="bbox 2580 571 2618 1999">
    <p class='ocr_par' dir='ltr' id='par_1_20' title="bbox 2580 571 2618 1999">
     <span class='ocr_line' id='line_1_71' title="bbox 2580 571 2618 1999; baseline 0 0"><span class='ocrx_word' id='word_1_401' title='bbox 2580 571 2618 1999; x_wconf 95' lang='lat' dir='ltr'> </span> 
     </span>
    </p>
   </div>
  </div>
 </body>
</html>
