2618 4108
327 300 478 356 Situm
524 307 703 357 Domus
746 319 875 355 extra
919 307 1092 356 moenia
1136 308 1359 357 Civitatis

327 401 329 403 >
399 376 649 428 Casalenfis
679 377 841 426 diruta:
865 394 944 445 per
971 377 1232 444 Syndicum
1259 393 1361 428 ven·

398 450 444 497 di
471 485 486 507 ,
520 447 567 498 &
601 449 800 516 pretium
829 448 1064 499 redacium
1093 484 1109 506 ,
1139 451 1185 497 in
1218 450 1363 498 extin-

400 522 598 570 &ionem
630 521 726 568 aeris
747 520 915 577 alieni,
941 520 1002 569 ob
1028 521 1136 570 novi
1154 523 1362 570 Conven-

401 588 564 640 vcntfis
602 588 822 640 fabric-am
871 591 1128 651 contrasti,
1161 589 1361 658 impendi

400 660 611 710 concedit
630 697 642 710 .

319 783 810 837 -URBANUS
878 785 1104 833 PAPA
1159 782 1360 836 VIII.

444 898 597 943 Diche
626 902 708 944 Fili
720 899 899 957 salutem
916 901 964 948 ἐς
982 898 1241 958 Apostollcam

671 960 978 1003 Benedifflionem
994 988 1006 1004 0

437 1081 520 1122 UM
544 1107 558 1130 ,
586 1078 686 1121 ficut
716 1077 844 1122 Nobis
870 1091 998 1133 nuper
1023 1078 1172 1133 exponi
1202 1076 1356 1130 fecisti,

458 1152 558 1180 nova
579 1141 733 1182 Domus
751 1137 969 1190 Regularis
983 1165 998 1188 ‚
1016 1136 1095 1181 five
1111 1140 1355 1180 Conventus

322 1210 398 1252 pro
417 1199 623 1239 Fratribus
653 1197 880 1239 Minoribus
903 1197 1070 1240 Ordinis
1091 1199 1132 1238 S-
1150 1195 1353 1238 francisci

322 1256 544 1308 Capucinis
578 1257 848 1311 nuncupatis,
881 1255 919 1296 in
950 1255 1135 1298 Civitate
1165 1254 1355 1298 Casalen.

320 1316 505 1355 extructa
533 1314 657 1355 fuerit
675 1342 689 1365 ‚
718 1317 758 1357 &
784 1313 832 1356 ad
860 1312 973 1357 illam
992 1315 1156 1356 Fratres
1180 1313 1355 1368 praedisti

320 1385 370 1413 ex
390 1385 533 1415 eorum
549 1372 712 1428 antiqua
732 1376 865 1415 Domo
881 1371 1078 1430 Regulari
1096 1399 1110 1423 ,
1138 1373 1219 1414 sive
1238 1374 1356 1419 Con-

316 1442 445 1472 ventu
463 1459 478 1481 ‚
507 1445 623 1487 quae,
648 1430 715 1473 seu
739 1431 807 1487 qui
836 1441 951 1474 extra
981 1430 1132 1477 moenia
1159 1430 1353 1474 Civitatis

319 1490 546 1541 existebat,
574 1492 611 1531 &
628 1490 677 1532 ad
704 1489 898 1545 praesens,
926 1492 978 1535 ob
998 1487 1203 1545 praesentia
1235 1489 1274 1531 in
1301 1491 1352 1532 il-

318 1548 368 1591 lis
398 1549 580 1605 partibus
612 1549 720 1592 bella
735 1578 749 1601 ‚
781 1549 902 1606 plene
919 1549 1054 1594 diruta
1072 1577 1084 1601 ,
1111 1548 1174 1591 seu
1192 1547 1350 1593 dirutus

321 1607 368 1649 {it
400 1637 414 1659 ,
447 1608 755 1663 commigrarint
785 1637 799 1660 ‚
842 1608 1086 1663 Fratresque
1131 1607 1306 1663 praedicti
1333 1637 1347 1659 ,

320 1680 396 1708 aere
423 1667 560 1709 alieno
587 1667 640 1708 ob
658 1664 848 1710 fabricam
867 1680 979 1708 novae
998 1664 1149 1710 Domus
1166 1668 1348 1722 Regula·

318 1726 379 1767 -ris
409 1726 603 1780 praedid’tae
631 1729 841 1769 contracto
865 1726 1023 1780 gravati
1051 1726 1344 1781 reperiantur3

317 1784 448 1827 Nobis
467 1794 686 1839 propterea
706 1783 916 1826 humiliter
944 1783 1159 1840 supplicari
1187 1784 1313 1829 fecisti
1330 1813 1345 1837 ‚

318 1853 363 1886 ut
382 1845 419 1884 in
439 1843 635 1898 praemiffis
650 1869 664 1891 2
691 1851 735 1885 ut
760 1842 863 1885 infra
880 1871 894 1896 ,
920 1844 1141 1898 providere
1155 1843 1209 1886 de
1225 1844 1346 1889 Beni-

317 1903 477 1957 gnitate
506 1901 736 1957 Apostolica
765 1901 1030 1957 dignaremur
1053 1931 1065 1944 .
1109 1906 1194 1946 Nos
1222 1903 1345 1958 igitur
1398 1956 1400 1958 ,

319 1964 409 2011 Te,
436 1962 474 2002 &
497 1963 662 2003 Fratres
690 1962 899 2014 praedictos
927 1960 1162 2016 specialibus
1186 1960 1340 2007 favori·

316 2021 392 2061 bus
409 2046 422 2068 ,
448 2021 485 2060 &
502 2019 641 2074 gratiis
664 2017 850 2074 prosequi
869 2019 1055 2062 volentes
1069 2046 1083 2068 ‚
1108 2023 1148 2062 &
1162 2019 1337 2064 vestrum

316 2077 532 2131 singulares
552 2076 740 2132 personas
755 2079 778 2121 a
793 2076 995 2134 quibusvis
1011 2079 1339 2123 excommunica-

318 2135 440 2178 tionis
457 2137 533 2178 &c.
555 2137 596 2176 δι’,
610 2134 814 2180 absolutas
830 2136 916 2180 fore
935 2135 1148 2181 censentes
1161 2165 1175 2190 ,
1203 2136 1337 2195 hujus·

997 188 1691 281 asCuffodia’

1418 309 1530 351 modi
1546 306 1908 363 supplicationibus
1931 308 2145 362 inclinati,
2165 314 2262 359 -Tibi
2279 341 2293 365 ‚
2314 322 2360 357 ut
2376 326 2451 368 per

1420 367 1644 422 Syndicum
1658 366 1899 410 Conventus
1930 371 1987 410 tui
2006 369 2216 424 praedicti,
2235 373 2356 416 'litum
2383 373 2448 413 di-

1421 429 1488 468 &ae
1501 426 1673 480 antiquat,
1689 454 1703 479 ,
1716 427 1755 467 δι
1769 425 1914 470 dirutae
1929 426 2085 470 Domus
2099 429 2311 485 Regularis
2326 461 2340 484 ,
2357 445 2449 488 pre-

1422 486 1483 527 tio
1509 484 1746 539 reperibili‚
1773 486 1813 526 &
1842 485 2002 528 meliori
2023 486 2172 539 vendi,
2199 486 2381 546 illudque
2404 491 2448 532 in

1422 543 1713 587 extinctionem
1728 545 1816 586 aeris
1832 545 1956 589 alieni
1973 546 2175 602 praedicti,
2198 548 2238 589 &
2252 561 2330 589 non
2345 551 2446 592 alios

1421 602 1510 646 usus
1527 603 1715 645 converti
1732 601 1866 648 facere
1885 603 2017 646 libere
2031 632 2045 656 ,
2059 604 2224 650 &licite
2242 606 2357 661 possis
2373 635 2387 660 ,
2407 609 2448 649 &

1425 661 1560 705 valeas
1575 689 1589 712 ,
1614 661 1826 705 licentiam
1841 663 2073 719 Apostolica
2089 665 2340 707 authoritate
2355 693 2370 716 ,
2385 677 2448 707 te-

1423 734 1523 763 nore
1539 718 1791 776 psaesentium
1805 750 1820 773 ‚
1832 723 2098 766 concedimus
2112 724 2150 764 δι
2166 723 2447 779 impartimur.

1425 783 1520 823 Non
1536 779 1781 823 obstantibus
1795 780 1864 824 fel.
1882 795 1966 823 rec.
1984 782 2098 826 Pauli
2115 784 2170 825 11.
2184 808 2199 833 2
2214 786 2252 826 &
2270 782 2447 826 aliorum

1423 840 1706 883 Romanorum
1734 838 1977 882 Pontificum
2002 841 2339 884 Praedecefsorum
2371 855 2446 884 no-

1420 898 1591 941 strorum
1605 897 1659 939 de
1674 898 1793 942 rebus
1812 898 1996 941 Ecclefiae
2012 914 2090 942 non
2107 900 2349 952 alienandis,
2370 899 2447 943 ali-

1416 957 1527 1012 isque
1541 955 1906 999 Conssitutionibus
1922 983 1936 1007 ‚
1949 958 1986 999 &
2000 958 2320 1004 ordinationibus
2337 963 2447 1015 Apo·

1419 1015 1565 1060 stolicis
1581 1043 1595 1067 ‚
1623 1029 1669 1057 ac
1688 1015 1881 1068 Ordinis,
1907 1017 1948 1057 &
1971 1016 2211 1060 Conventus
2233 1019 2444 1073 praedicto-

1418 1089 1506 1117 rum
1520 1104 1535 1126 ‚
1561 1074 1684 1117 etiam
1711 1073 1943 1132 juramento
1958 1103 1973 1127 ‚
1995 1074 2304 1120 confirmatione
2331 1081 2444 1132 Apo-

1417 1132 1551 1177 stolica
1569 1162 1583 1186 ,
1609 1132 1674 1176 vel
1688 1134 1830 1190 quavis
1848 1131 2041 1177 firmitate
2061 1135 2138 1177 alia
2153 1135 2354 1178 roboratis
2368 1136 2445 1179 sta-

1418 1193 1515 1236 tutis
1534 1221 1547 1244 ,
1574 1194 1611 1234 &
1626 1192 2011 1242 consuetudinibus,
2035 1193 2266 1250 caeterisque
2281 1205 2442 1239 contra-

1415 1251 1485 1297 riis
1502 1250 1822 1309 quibuscumque
1836 1282 1848 1294 .
1875 1253 2072 1298 Volumus
2083 1263 2219 1297 autem
2240 1283 2254 1306 ,
2280 1264 2323 1295 ut
2340 1265 2443 1297 ven-

1415 1310 1521 1354 ditio
1538 1339 1552 1363 ,
1578 1314 1615 1353 &
1632 1311 1755 1366 pretii
1767 1314 1979 1355 conversio
1998 1312 2193 1368 praedietae
2209 1312 2327 1354 unico
2343 1325 2442 1356 con-

1418 1378 1531 1412 textu
1548 1368 1670 1422 fiant,
1684 1370 1749 1412 vel
1766 1370 1907 1414 saltem
1925 1371 2104 1427 pretium
2126 1370 2351 1428 hujusmodi
2366 1384 2442 1427 pe-

1416 1442 1484 1470 nes
1500 1431 1684 1471 Mentem
1705 1429 1901 1479 Pietatis,
1928 1440 1994 1470 aut
2010 1430 2138 1474 aedem
2165 1433 2340 1482 sacram,
2372 1430 2440 1473 vei

1413 1486 1624 1544 personam
1641 1485 1720 1529 fide
1735 1516 1749 1539 ,
1773 1489 1812 1535 δι
1833 1487 2096 1532 facultatibus
2111 1489 2297 1533 idoneam
2311 1489 2442 1544 depo-

1413 1557 1549 1599 natur,
1561 1544 1709 1588 &inde
1724 1560 1803 1588 non
1817 1554 2071 1595 amoveatur,
2081 1546 2151 1590 nifi
2169 1547 2221 1590 ad
2235 1546 2438 1601 effectum,

1409 1606 1513 1650 illud
1530 1634 1544 1657 ,
1569 1615 1614 1648 ut
1642 1602 1853 1660 praefertur
1869 1632 1883 1656 ,
1911 1606 2207 1650 convertendi.

1472 1669 1623 1708 Datum
1641 1666 1781 1709 Romae
1802 1663 1909 1720 apud
1936 1667 1974 1707 S·
1991 1667 2158 1709 Petrum
2183 1666 2253 1708 sub
2271 1665 2439 1708 Annulo

1407 1724 1623 1768 Piscatoris
1639 1722 1706 1766 die
1722 1738 1768 1766 xi
1781 1737 1816 1766 v.
1838 1725 2042 1782 Novemb.
2058 1727 2354 1783 Aunomncxtt
2368 1737 2382 1766 1
2397 1738 2432 1767 ι.

1407 1779 1676 1832 Ροηῑίίῐεειῑᾶε
1707 1781 1831 1826 nostri
1861 1785 1987 1826 Anno
2011 1782 2347 1840 vigefiinoprimo.

1913 1903 1976 1944 M.
2004 1904 2055 1963 A.
2083 1900 2320 1946 Maraldus.

1458 2022 1520 2060 Ex
1551 2018 1672 2060 Arch.
1706 2021 1850 2058 secret.
1880 2022 1998 2061 Brea.
2027 2018 2159 2076 Aposl.
2181 2023 2277 2074 Reg.
2312 2019 2431 2082 mens:

1518 2074 1572 2125 &⁴
1597 2076 1693 2118 anni
1713 2076 1840 2137 praed.
1855 2077 1938 2135 fol.
1955 2089 1993 2126 5.

1136 2267 1642 2333 NOTA

411 2415 555 2453 Ddenda
582 2415 638 2453 hic
665 2417 797 2455 occurit
819 2426 915 2462 grata
942 2417 1107 2456 memoria
1130 2418 1172 2455 de
1189 2417 1375 2462 charitate,
1401 2430 1469 2465 qua
1483 2417 1710 2455 conventum
1734 2424 1987 2462 memoratum,
2001 2430 2062 2466 per
2087 2419 2180 2466 pium
2202 2427 2340 2456 centum
2354 2417 2429 2463 scu?

347 2474 355 2510 j
433 2475 547 2501 rorum
565 2466 730 2510 Legatum
745 2490 758 2511 ,
771 2466 805 2502 in
820 2465 1001 2503 sublidium
1016 2466 1151 2506 fabricae
1165 2467 1336 2510 relietum,
1350 2466 1552 2505 Dominicus
1569 2466 1685 2504 Mcrlo
1698 2465 1902 2515 prosecutus
1916 2467 1963 2504 est
1973 2491 1986 2513 ‚
2001 2468 2035 2507 δι
2050 2468 2147 2518 quod
2159 2467 2379 2517 postmodum
2392 2468 2428 2507 in

314 2514 478 2550 fabricam
500 2516 659 2552 converti
686 2515 834 2564 petitum
859 2516 894 2553 δι
918 2516 1111 2556 concessum
1137 2517 1185 2553 est
1199 2539 1212 2563 ‚
1236 2516 1365 2559 modo,
1390 2517 1451 2564 qui
1472 2514 1647 2563 sequitur:

765 2613 1468 2668 BEATISSIME
1574 2613 2026 2675 PATER..

410 2731 552 2770 Fratres
568 2732 739 2779 Capacini
767 2733 969 2772 Conventus
995 2733 1175 2782 Casalenfis
1188 2759 1201 2778 ,
1219 2732 1413 2771 Sanfilitati
1436 2731 1558 2783 Vestra
1580 2732 1775 2783 demist'ffimi
1794 2733 1995 2785 supplicant
2012 2742 2076 2783 pro
2091 2734 2269 2783 facultate
2289 2736 2422 2784 pium-a

315 2792 449 2821 centum
464 2782 642 2829 scutorum
655 2782 846 2828 Legatum,
871 2781 891 2818 ἃ
914 2782 1095 2820 Dominico
1110 2782 1224 2821 Merlu
1246 2794 1322 2822 cum
1345 2793 1446 2824 onere
1460 2784 1524 2832 sex
1548 2780 1731 2833 Miffarum
1755 2788 1939 2823 annuatim
1950 2783 2234 2822 celebrandarum
2249 2808 2262 2828 ,
2273 2785 2424 2832 fabricae

311 2832 394 2869 dieii
424 2829 625 2868 Conventus
647 2829 799 2868 relifilum
826 2831 1029 2878 acceptanda·
1046 2855 1059 2875 ,
1084 2830 1238 2880 illudque
1258 2831 1298 2868 in
1321 2830 1425 2880 hujus
1445 2831 1646 2882 neceffltates
1666 2831 1847 2881 praesttntes
1875 2835 1927 2870 ita
1951 2832 2185 2883 expendendi,
2206 2843 2249 2870 nt
2270 2832 2338 2869 loco
2359 2833 2423 2882 sex

310 2877 494 2931 Miffarum
516 2889 712 2916 annuarum
735 2881 867 2928 τοι,Μὶ
892 2891 918 2916 ae
933 2903 947 2924 ,
973 2890 1056 2928 quot
1082 2879 1272 2920 Sanflitati
1301 2877 1423 2931 Vestrae
1444 2880 1643 2930 placuerint
1667 2905 1680 2926 ,
1708 2889 1773 2930 pro
1793 2892 1866 2918 una
1896 2884 1972 2919 vice
1994 2882 2131 2921 tanturn
2163 2881 2330 2920 celebrari
2357 2882 2422 2919 de-

309 2930 413 2966 beant
424 2953 434 2964 .

503 2937 578 2962 uam
643 2940 674 2964 c.

409 2927 642 3024 Saffiaeffimtls
659 2976 827 3016 Dominus
849 2975 954 3026 noster
977 2977 1125 3026 benign&
1152 2981 1304 3026 annuit,
1331 2990 1373 3018 ut
1386 2981 1490 3029 scuta
1510 2977 1672 3028 praedifla
1688 2986 1751 3026 pro
1769 2979 1911 3028 fabrica
1927 2980 2128 3018 Con-ventiis
2145 2978 2336 3028 hujusmodi
2358 2979 2422 3016 im-

304 3027 411 3077 pendi
435 3025 577 3062 valeant
593 3047 606 3066 ‚
629 3036 713 3062 onus
727 3027 807 3064 verb
821 3025 1005 3078 Miffarum
1020 3048 1034 3069 ,
1057 3036 1099 3064 ut
1114 3027 1225 3076 supra
1237 3052 1250 3072 ‚
1273 3028 1555 3068 celebrandarum
1567 3053 1579 3072 ‚
1591 3027 1732 3068 reduxit
1751 3029 1797 3064 ad
1821 3029 2076 3076 quinquaginta
2091 3025 2211 3083 Mtffas
2222 3027 2332 3076 semel
2341 3038 2420 3065 tan-

310 3078 381 3113 tiem
403 3073 623 3112 celebrandas
639 3083 702 3123 per
725 3073 865 3115 Fratres
879 3075 1029 3114 Ordinis
1048 3075 1238 3125 hujusmodi
1262 3079 1301 3114 in
1324 3077 1464 3127 Ecclesia
1495 3076 1640 3126 ejusdem
1669 3077 1869 3115 Conventa:
1903 3101 1919 3121 ‚
1949 3076 2137 3113 contrariis
2163 3077 2419 3127 quibuscunque

312 3136 378 3160 non
405 3123 612 3173 obstantibus
625 3147 635 3158 .
657 3121 772 3161 Romae
796 3125 847 3162 16.
864 3123 962 3179 ‘Julii
981 3124 1086 3173 1632.

407 3221 460 3259 Ex
486 3219 596 3270 Arch.
619 3221 753 3260 Secret.
774 3224 815 3262 S.
831 3221 1001 3270 Gangreg.
1017 3221 1128 3271 Episc.
1146 3222 1190 3265 (ἲν
1203 3222 1330 3273 Regul.
1358 3223 1497 3275 Regesto
1519 3221 1632 3271 mensis
1656 3221 1700 3264 ἐγ
1717 3222 1806 3259 anni
1819 3222 2057 3272 praedifiorum
2084 3222 2148 3272 fol.
2162 3224 2217 3273 76.

2242 3839 2373 3883 Confi·
