2774 4088
882 210 1810 307 ISAGOGES
2273 254 2324 306 v

287 355 346 398 n.
372 354 465 397 12.
483 340 653 415 part.
684 350 706 393 1
725 334 777 394 8.
807 341 951 391 tom.
974 350 1026 391 2.
1058 328 1174 402 ait,
1218 328 1443 400 habere
1479 335 1790 424 Rescripta
1816 337 1879 400 in
1903 355 2118 402 ventre
2139 339 2385 403 tacitam

283 423 717 491 conditionem
740 469 757 496 ,
770 419 844 503 st
862 438 1074 507 preces
1106 427 1379 498 veritate
1411 430 1702 497 nl‘mntm*
1720 478 1736 508 ‚
1769 427 1942 498 falsus
1975 431 2143 494 enim
2178 452 2388 520 preca·-

285 533 383 582 tor
421 518 686 603 gaudere
721 534 850 581 non
887 511 1073 581 debet
1108 517 1449 609 impetratis
1483 543 1527 585 c.
1549 546 1599 590 2.
1636 519 1713 587 ὃ)
1743 542 1866 608 cap,
1892 522 2073 591 Sedes
2102 524 2386 611 Apostoli-

287 630 360 676 ca
393 610 465 675 de
499 607 786 699 Refiript.
824 607 960 673 Imo
983 609 1062 675 de
1095 612 1298 695 rigore
1319 612 1465 695 juris
1499 613 1718 680 Civilis
1740 661 1759 691 ,
1795 615 2020 682 dictam¹
2042 614 2392 684 Clausulam

283 702 607 790 Rescripto
645 697 920 789 expresse
956 699 1135 768 inseri
1174 703 1259 767 ita
1291 701 1527 785 neceffev
1559 703 1643 767 est
1664 751 1681 778 ,
1721 725 1786 775 ut
1815 729 1884 775 ea
1918 707 2242 772 deficiente
2276 710 2395 773 Re-

290 795 583 886 scriptum
619 813 750 855 non
784 794 981 859 valeat
1016 795 1050 857 l.
1082 794 1187 858 ult.
1217 791 1278 859 C.
1316 794 1386 864 de
1409 795 1629 880 divers?
1645 797 1941 887 Refiript.

447 879 616 951 ‘Alia
651 884 934 952 Clausula
967 885 1088 961 est,
1107 888 1291 974 salvo
1305 889 1460 970 jure
1495 890 1755 953 alterius
1775 937 1791 963 ,
1826 888 2078 978 haecque
2101 893 2325 981 pariter
2352 889 2398 954 fi

288 983 354 1046 in
378 977 708 1070 Rescriptis
742 994 873 1044 tum
906 981 1108 1069 gratiae
1131 1027 1148 1053 ‚
1192 997 1320 1048 tum
1354 979 1586 1066 justitiae
1621 978 1885 1073 expressa
1909 980 2036 1047 non
2062 984 2165 1057 fit,
2205 983 2401 1048 subin-

289 1073 485 1159 telligi
519 1069 745 1148 debet3
782 1094 926 1136 nam
949 1071 1242 1158 Princeps
1264 1074 1487 1139 nullius
1516 1073 1631 1163 juri
1665 1075 1960 1162 derogare
2000 1077 2266 1144 intendit
2287 1126 2303 1151 ‚
2344 1075 2404 1136 8<

289 1180 545 1231 econtra
570 1163 695 1228 hoc
715 1161 965 1230 cuilibet
1001 1164 1244 1230 illaesum
1285 1162 1509 1232 servari
1530 1190 1602 1230 cu
1653 1167 1698 1229 it
1720 1215 1737 1241 ,,
1768 1164 1878 1233 ῃίίὶ,
1909 1171 2280 1237 contrarium
2303 1188 2403 1231 ex-

290 1258 519 1347 primat
538 1301 554 1318 .
588 1276 631 1321 c.
654 1256 991 1339 Pastoralis
1023 1279 1044 1319 1
1062 1286 1114 1342 9.
1143 1257 1212 1321 de
1235 1256 1535 1345 Privileg.
1559 1189 1683 1327 &Ea
1705 1281 1749 1323 ε.
1769 1259 1838 1325 de
1865 1256 2283 1345 Ecclesiasticis
2308 1284 2337 1324 2
2353 1280 2402 1338 5.

291 1373 351 1439 q.
373 1372 425 1414 z.
463 1369 508 1414 c.
528 1347 618 1414 ad
632 1371 819 1418 aures
839 1349 936 1417 tit,
958 1348 1028 1415 de
1050 1351 1343 1435 Rescripta
1381 1350 1710 1419 Praesertim
1735 1368 1938 1416 autem
1963 1355 2042 1417 de
2065 1357 2227 1444 Papa
2246 1402 2261 1428 ,
2296 1353 2406 1441 qui

290 1441 595 1533 potestate
639 1443 702 1507 in
743 1441 1218 1510 :edificationem
1248 1491 1265 1517 ‚
1314 1443 1372 1510 8(
1407 1468 1537 1507 non
1571 1446 1637 1508 in
1669 1444 2368 1514 destructionem'utitur
2390 1491 2408 1528 ,

290 1536 420 1602 hoc
451 1532 718 1625 presumi
749 1535 975 1610 debet3
1017 1538 1079 1599 Si
1116 1553 1325 1602 tamen
1356 1535 1775 1622 praejudicium
1809 1536 2054 1603 nonnisi
2091 1539 2409 1603 modicum

248 1649 253 1660 “
292 1628 489 1703 foret,
528 1629 680 1694 illud
715 1627 989 1696 aestimari
1021 1651 1151 1691 non
1181 1626 1359 1690 solet.
1398 1627 1684 1713 Pirhing.
1708 1627 1778 1693 de
1802 1626 2095 1715 Rcssc'ript„
2117 1652 2173 1696 n,
2196 1654 2295 1714 39.
2330 1627 2408 1697 ὃ)

302 1720 507 1811 Gloffa
545 1722 882 1808 marginal.
893 1722 1017 1804 fin.
1050 1740 1094 1782 c.
1127 1740 1175 1782 1.
1199 1717 1326 1803 dzst.
1351 1723 1448 1798 85.
1486 1717 1880 1807 Retffiffnstuel
1909 1723 2028 1788 loco
2061 1723 2159 1789 cit,
2177 1722 2239 1812 f.
2267 1745 2405 1804 140.

291 1819 356 1882 ‘n-
387 1835 527 1893 142.
564 1817 780 1879 Praeter
814 1810 926 1877 has
958 1808 1242 1877 clausulas
1275 1812 1589 1897 generales
1619 1862 1636 1889 ,
1677 1814 1897 1877 dantur
1931 1814 1989 1880 &
2024 1816 2149 1882 alia:
2187 1813 2410 1906 specia-

294 1907 385 1972 les
406 1953 422 1980 ‚
460 1927 592 1999 quae
630 1926 747 1995 pro
777 1905 1068 1997 qualitate
1105 1903 1164 1967 &
1198 1905 1441 1971 ratione
1474 1907 1736 1975 materia:
1771 1904 2046 1976 subieetae
2083 1907 2411 1997 Rescriptis

295 1996 479 2067 inseri
526 1997 978 2066 consueverunt
1010 2045 1027 2072 ,
1076 1997 1155 2064 de
1202 1996 1425 2086 quibus
1473 1997 1532 2067 &
1578 1999 1893 2066 Sectiones
1941 1999 2257 2088 sequentes
2286 2049 2302 2075 ,
2351 2001 2409 2063 8(

286 2089 657 2162 ¹consulendi
684 2088 1258 2173 jurisconsultorum
1293 2090 1435 2158 libri
1463 2093 1876 2183 opportunius
1905 2093 2115 2157 lumen
2148 2091 2410 2158 dabunt.

866 2274 1552 2366 SECTIO
1653 2281 1857 2370 ΙΙΙ.

300 2459 397 2532 De
441 2460 729 2548 Perfinis
751 2511 768 2537 ‚
812 2483 946 2550 quoe
991 2461 1325 2549 rescribunt
1343 2510 1360 2538 ‚
1407 2461 1485 2532 ἐφ’)
1525 2487 1658 2552 quae
1700 2464 2026 2550 Rastripta
2067 2465 2408 2547 impetrare

491 2553 727 2645 poffimt
749 2605 766 2635 ,
803 2577 879 2619 ac
917 2554 988 2621 de
1024 2556 1481 2640 Rcstrtptorum
1517 2551 1760 2642 ffcflu,
1802 2552 1880 2624 Εἴ
1913 2570 2178 2641 tempore
2200 2601 2216 2629 ,

970 2669 1085 2738 quo
1119 2650 1368 2737 operari
1411 2650 1714 2739 incipiunt
1735 2696 1748 2715 .

295 2832 417 2990 P
434 2833 763 2922 Rincipem
781 2880 797 2906 ,
819 2831 987 2915 cujus
1007 2831 1092 2896 est
1107 2836 1329 2920 gratias
1353 2835 1715 2906 concedere,
1738 2833 2046 2915 &Justitiae
2067 2828 2302 2895 cursum
2324 2831 2415 2896 di-

464 2927 661 3013 rigere
680 2973 695 3000 ‚
716 2926 796 2990 ad
824 2923 1063 2990 libellos
1083 2923 1406 2992 rescribere
1420 2974 1437 2999 ,
1458 2948 1533 2989 ex
1556 2924 1866 3015 prelibatis
1888 2921 2215 2989 necessario
2234 2922 2414 2987 infer·

297 3034 412 3081 tur.
437 3021 590 3083 Inde
617 3067 633 3094 ,
675 3015 718 3083 fi
738 3019 1085 3105 generalem
1105 3017 1267 3084 hanc
1282 3015 1667 3085 assertionem
1691 3019 1768 3086 ad
1788 3018 2042 3084 Curiam
2062 3017 2412 3080 Romanam

295 3110 363 3173 in
398 3109 598 3199 specie
637 3109 1106 3184 contrahamUS,
1141 3113 1206 3177 in
1239 3112 1340 3175 illa
1354 3114 1516 3199 Papa
1540 3108 1905 3198 ,omnesque
1937 3108 2056 3180 illi,
2092 3105 2309 3194 quibus
2348 3107 2413 3170 il-

294 3201 354 3265 le
394 3201 761 3290 potestatem
800 3202 960 3270 suam
1002 3205 1459 3277 communicat,
1496 3219 1597 3267 aut
1635 3203 1876 3288 delegat
1900 3249 1915 3274 ,
1955 3197 2278 3264 restribere
2317 3200 2409 3263 di-

299 3296 491 3382 cendi
528 3294 694 3359 sunt.
733 3294 1071 3384 Ambigere
1116 3296 1194 3359 de
1235 3299 1399 3385 Papa
1444 3318 1574 3358 non
1612 3294 1753 3357 licet
1781 3342 1796 3367 ‚
1837 3313 2023 3381 quem
2057 3290 2411 3384 Principem

295 3386 514 3452 scimus
546 3436 562 3462 ,
611 3388 670 3452 &
711 3403 928 3452 ‚contra
975 3387 1272 3453 Sectarios
1318 3388 1618 3452 credimus
1638 3433 1655 3460 ,
1678 3384 2034 3473 insignitum
2082 3384 2410 3471 potestate,

295 3496 430 3545 tum
465 3482 794 3571 temporali
824 3529 841 3554 ,
888 3504 1022 3545 tum
1058 3477 1463 3546 Ecclefiastica
1493 3527 1509 3553 ,
1557 3501 1743 3567 quam
1782 3478 1849 3545 in
1883 3476 2119 3565 duplici
2164 3478 2410 3563 gladio,

297 3575 335 3640 a
372 3577 554 3639 Petro
594 3570 846 3641 Christo
881 3573 1034 3637 olim
1071 3594 1185 3662 per
1218 3569 1408 3638 verba
1449 3569 1886 3645 Domine,ecce
1903 3570 2017 3637 dua
2039 3569 2248 3655 gladii
2275 3569 2408 3649 hic,

295 3665 659 3756 p‘raesentato
682 3715 699 3745 ‚
737 3660 1074 3757 expressam
1104 3660 1244 3732 ‘efle
1274 3665 1639 3751 Interpretes
1677 3659 1937 3728 afferunt
1964 3709 1978 3725 .
2023 3661 2118 3734 Illi
2164 3677 2367 3726 autem
2393 3713 2410 3740 ,

2197 3754 2320 3841 qui·
