2618 4108
869 191 1659 285 Panormitana.
2066 223 2218 308 153

195 318 266 362 Ex
292 326 379 361 aere
408 310 600 375 antiqua:
620 304 799 359 Domus
816 311 924 359 Loci
947 309 1104 379 Burgii
1133 327 1213 358 no-

261 398 367 431 vam
396 379 592 430 construi
619 380 849 430 concedit.

194 521 674 579 URBANUKS
740 520 1210 573 PAPAVIII.

377 659 446 703 Ad
460 654 653 716 futuram
678 660 738 700 ret·
769 656 990 699 memoriam
1004 687 1018 700 .

333 778 448 831 Uper
461 787 534 830 pro
545 782 660 829 parte
673 773 811 816 dilecti
824 774 910 816 Filii
931 773 1098 817 Ministri
1113 777 1210 819 Pross

361 832 538 875 vincialis
561 834 748 874 Fratrum
778 833 941 874 Ordinis
973 832 1216 874 Minorum...

188 898 232 937 S.
251 889 750 943 FrancisciCapucinorum
777 900 1098 945 nuncupatorum
1115 893 1212 932 Pro-

188 949 325 991 vinciae
338 947 627 990 Panormitanae
643 948 768 990 Nobis
781 948 998 1002 expolitum
1012 947 1211 1004 fuit‚qu0d

186 1006 267 1063 ipse
280 1009 459 1049 Domum
474 1005 724 1059 Regularem
738 1008 897 1049 ruinam
913 1006 1126 1048 minantem
1147 1006 1211 1047 di-

187 1066 239 1107 &i
257 1062 560 1107 Ordinis‘rerrae
576 1064 709 1119 Burgii
727 1064 951 1107 Panormita
961 1079 997 1105 n.
1017 1065 1207 1105 Dioecefis

186 1124 237 1166 ab
251 1137 303 1166 eo
321 1121 430 1174 loco,
443 1122 480 1164 in
493 1136 575 1178 quo
599 1121 646 1164 ad
664 1121 828 1176 praesens
842 1121 1000 1168 existit,
1018 1122 1067 1163 ad
1084 1122 1206 1163 alium

184 1182 319 1224 locum
338 1177 561 1222 transferre
575 1177 825 1234 summopere
837 1178 1038 1221 desiderat
1049 1207 1063 1229 ‚
1076 1180 1205 1220 Nobis

186 1249 407 1294 propterea
431 1236 557 1278 dietus
573 1237 751 1278 Minister
767 1238 931 1280 Provin„
943 1236 1027 1278 ialis
1042 1237 1205 1278 humili·

184 1307 251 1338 ter
272 1294 479 1350 supplicari
495 1291 595 1334 fecit
610 1321 624 1344 ‚
644 1303 687 1335 ut
703 1294 739 1334 in
763 1293 957 1349 praemiffis
979 1295 1204 1349 opportune

182 1353 404 1410 providere
426 1351 478 1393 de
507 1351 756 1407 benignitate
770 1352 999 1407 Apostolica
1018 1353 1205 1408 dignare-

182 1425 293 1455 mur·
315 1440 318 1442 '
497 1439 503 1445 “

241 1473 328 1513 Nos
355 1468 479 1527 igitur
500 1468 647 1512 dietum
668 1470 890 1513 Ministrum
910 1470 1200 1514 Provincialem

186 1528 420 1585 specialibus
435 1529 512 1569 &c.
539 1528 755 1579 volentes,
787 1531 824 1570 &
854 1533 877 1573 a
906 1527 1102 1584 quibusvis
1125 1531 1203 1570 &c-

180 1584 391 1630 censentes
403 1613 418 1635 ,
432 1585 652 1641 hujusmodi
668 1585 1024 1641 supplicationibus
1041 1588 1209 1630 inclina-

178 1646 215 1687 ti
235 1643 368 1686 eidem
385 1644 624 1686 Provinciali
646 1647 818 1700 Domum
835 1646 1078 1701 Regularem
1099 1659 1201 1701 prae-

179 1702 341 1753 dietam,
352 1701 513 1758 ejusijue
531 1701 868 1754 Ecclesiamffadtfi
881 1718 1020 1746 earum
1035 1718 1107 1759 per
1119 1706 1201 1746 Or·-

183 1760 384 1802 dinarium
413 1760 491 1802 loci
516 1758 676 1803 servatis
690 1761 788 1804 alias
806 1762 1006 1804 servandis
1026 1763 1200 1817 propha-

179 1819 359 1869 natione,
373 1817 561 1860 demoliri
576 1819 764 1871 curandi3
787 1820 962 1874 Syndico
979 1824 1077 1863 vero
1091 1822 1203 1863 dietae

180 1873 334 1919 Domfis
352 1875 462 1916 situm
477 1903 492 1926 ‚
516 1876 657 1916 domos
681 1879 720 1917 δε
735 1878 952 1918 Ecclesiam
981 1878 1203 1931 hujusmodi

178 1933 377 1990 quibusvis
395 1933 566 1988 personis
585 1934 792 1976 meliorem
807 1936 1079 1978 conditionem
1106 1934 1204 1979 offc-

179 1991 361 2034 rentibus
378 1990 607 2042 vendendi,
622 1991 867 2034 &alienandi
883 2022 898 2043 ,
924 2008 999 2036 nec
1016 2007 1096 2034 non
1113 2008 1210 2048 pre·-

182 2051 241 2093 tio
267 2048 360 2090 inde
377 2049 671 2104 proveniente,
700 2064 745 2092 ac
769 2054 971 2093 caementis
990 2052 1139 2094 Domus
1162 2053 1205 2097 &¹

178 2106 367 2151 Ecclefiae
386 2105 609 2164 hujusmodi
637 2108 686 2150 ad
701 2122 800 2163 opus
816 2107 973 2152 fabricae
994 2125 1103 2153 novae
1120 2115 1200 2154 Do-

179 2164 266 2208 mus
295 2168 334 2206 &
356 2166 543 2207 Eccleiiae
563 2164 787 2220 hujusmodi
803 2170 942 2213 utendi
961 2170 1193 2220 licentiam,

178 2223 436 2266 Auaoritate
459 2222 715 2277 Apostolica,
747 2235 887 2265 tenore
916 2227 1199 2280 praesentium-a

179 2280 438 2323 concedimus
450 2281 486 2321 δι
498 2281 861 2334 impertimur-Non
873 2284 1116 2329 obstantibus
1128 2284 1200 2326 fel.

183 2351 270 2381 rec.
299 2337 485 2379 Pauliu.
512 2338 550 2377 &
576 2337 742 2379 aliorum
770 2340 1044 2383 Romanorum
1065 2344 1198 2384 Ponti-

183 2395 305 2438 ficum
321 2393 651 2438 Praedecefforum
666 2396 891 2438 nostrorum
914 2398 965 2441 de
980 2400 1097 2442 rebus
1121 2402 1199 2441 Ec-

182 2455 304 2496 clefiae
324 2467 402 2495 non
430 2452 652 2495 alienandis
668 2481 681 2504 ‚
711 2450 876 2510 aliisque
891 2458 1200 2499 Constitutioni-

180 2514 253 2555 bns
278 2513 318 2555 δι
342 2511 672 2555 ordinationibus
697 2513 941 2566 Apostolicis
963 2544 978 2567 ‚
1010 2528 1197 2558 ησεωυη.)

182 2569 335 2614 Domus
375 2571 416 2612 &
451 2570 615 2613 Ordinis
643 2572 918 2625 praedictorum
940 2601 954 2624 ‚
991 2576 1113 2616 etiam
1139 2574 1200 2632 ju-

180 2638 367 2671 ramento
390 2629 468 2669 &c.
496 2628 693 2669 roboratis
719 2629 868 2671 statutis
886 2659 898 2682 ,
924 2633 964 2672 &
989 2631 1199 2675 consuetu-

181 2687 340 2729 dinibus
352 2711 367 2734 ,
397 2684 630 2741 caeterisque
645 2689 859 2731 contrariis
874 2690 1195 2747 quibuscumque.

244 2748 394 2786 Datum
423 2747 560 2786 Romae
591 2744 694 2799 apud
722 2748 907 2787 sanetum
934 2751 1099 2790 Petrum
1133 2748 1202 2792 suh

180 2801 349 2846 Annulo
364 2801 574 2844 piscatoris
587 2802 654 2843 die
670 2815 737 2844 111.
750 2804 953 2846 Februarii
965 2819 1199 2850 mncxxxiv.

182 2858 448 2904 Pontificatus
464 2860 585 2902 nostri
600 2863 719 2902 Anno
733 2861 949 2905 undecimo
960 2893 972 2905 .

658 3024 661 3026 ,
701 2980 759 3020 Μ.
786 2977 839 3019 Α.
859 2980 1090 3025 Maraldus.

245 3094 302 3134 Ex
330 3091 449 3135 Arch.
476 3096 617 3134 secret.
639 3097 757 3136 Brcv.
774 3095 904 3153 Apost.
923 3098 1074 3155 Regesto
1089 3094 1205 3152 mens-⁸

302 3149 354 3201 ὠ·
378 3152 472 3191 anni
493 3152 617 3205 prad.
628 3151 708 3210 fol.
726 3166 794 3198 20.

307 3794 408 3835 Tem.
425 3794 497 3835 111.

1270 317 1424 363 Etiam
1453 312 1792 363 demolitionem
1817 310 2024 362 Ecclesiae
2045 309 2178 360 dietae
2201 318 2278 361 Do

1342 380 1444 432 mfis
1459 385 1620 431 veteris
1635 384 1724 432 loci
1739 384 2047 431 Thermarum
2077 379 2151 430 seu
2188 380 2310 428 Ter—⁷

1341 451 1523 508 mini,&
1548 466 1885 501 coementorum
1906 449 2038 501 usum
2054 467 2138 519 pro
2153 468 2288 518 opere

1341 519 1519 570 fabricae
1546 538 1673 574 novae
1701 523 1950 571 ratihabet.
2296 534 2303 537 ”

1321 649 1740 703 URBANUS
1791 651 2001 700 PAPA
2052 651 2247 699 VIII.

1480 773 1549 818 Ad
1559 770 1752 830 futuram
1769 777 1830 816 rei
1851 774 2094 818 memoriam.

1396 887 1488 932 Lias
1506 889 1634 931 Nobis
1660 901 1735 943 pro
1749 897 1862 943 parte
1878 890 2012 934 dilecti
2028 891 2116 932 Filii
2132 891 2299 946 syndici

1424 945 1574 989 Domus
1591 948 1832 989 FF-Ordinis
1846 948 2047 989 Minorum
2063 953 2088 990 S
2106 949 2301 992 Francisci

1270 1006 1573 1059 Capucinorum
1610 1014 1925 1063 nuncupatorum
1954 1006 2102 1061 Oppidi
2140 1009 2299 1050 Civita-

1269 1061 1319 1102 tis
1343 1062 1466 1104 etiam
1501 1062 1724 1117 nuncupati
1761 1062 1931 1105 Termini
1969 1066 2294 1113 Panormstanae,

1267 1117 1335 1160 seu
1361 1120 1529 1163 alterius
1546 1119 1740 1162 Dioecefis
1767 1120 1976 1176 exposito,
2004 1121 2109 1175 quod
2131 1121 2211 1176 ipse
2226 1125 2295 1164 In-

1267 1176 1446 1220 firmariae
1459 1193 1506 1221 ac
1524 1176 1673 1222 Domus
1689 1180 1839 1222 veteris
1857 1178 2088 1221 eorundem
2105 1183 2292 1222 Fratrum

1268 1235 1431 1278 aedificia
1453 1238 1648 1289 vendere,
1665 1237 1878 1294 pretioque
1892 1236 2036 1280 exinde
2051 1240 2295 1291 provenien-

1268 1303 1310 1335 te
1336 1294 1385 1336 ad
1403 1310 1501 1350 opus
1519 1294 1679 1339 fabricae
1703 1309 1813 1339 novae
1835 1293 1987 1338 Domus
2004 1309 2079 1350 pro
2092 1295 2178 1350 ipsis
2197 1298 2292 1337 Fra-

1267 1353 1396 1395 tribus
1414 1354 1450 1396 in
1464 1353 1610 1396 eodem
1624 1356 1689 1409 Op
1720 1355 1787 1397 ido
1810 1353 2079 1399 construendo
2108 1355 2163 1394 uti
2181 1349 2292 1408 posse

1265 1410 1483 1466 plurimum
1509 1370 1784 1455 desiderabat:
1817 1416 1903 1455 Nos
1930 1410 2288 1466 supplicationibus

1265 1469 1358 1510 dieii
1375 1469 1540 1524 Syndici
1559 1471 1685 1513 Nobis
1699 1472 1815 1526 super
1831 1471 1906 1511 hoc
1924 1469 2132 1513 humiliter
2148 1484 2290 1526 porre-

1267 1528 1338 1569 etis
1365 1528 1574 1580 inclinati,
1599 1529 1734 1571 eidem
1755 1528 1960 1582 syndico,
1989 1529 2100 1583 quod·
2124 1527 2291 1572 aedificia

1265 1586 1449 1640 praeditsta
1481 1585 1684 1640 quibusvis
1711 1584 1888 1640 personis
1914 1585 2123 1628 meliorem
2148 1586 2292 1629 condi-

1263 1645 1416 1685 tionem
1447 1643 1706 1686 offerentibus
1736 1643 1920 1687 vendere
1949 1644 1985 1684 &
2003 1643 2183 1686 alienare
2200 1673 2212 1694 ‚
2239 1645 2293 1685 il-

1260 1702 1473 1761 lorumque
1486 1703 1738 1763 emptoribus
1763 1699 2029 1757 possessionem
2055 1703 2219 1744 tradere
2251 1705 2292 1743 δε

1263 1759 1496 1816 consignare
1510 1790 1524 1813 ,
1551 1774 1709 1805 necnon
1725 1761 1859 1814 pretio
1878 1759 2023 1801 exinde
2049 1761 2293 1816 provenien-

1264 1830 1306 1861 te
1333 1819 1382 1861 ad
1408 1833 1505 1874 opus
1534 1817 1692 1862 fabricae
1713 1832 1821 1861 novae
1837 1817 1989 1860 Domfis
2006 1819 2202 1873 praefatae,
2229 1821 2289 1861 uti

1265 1877 1423 1927 libere,
1449 1879 1490 1918 δε
1512 1877 1626 1920 licite
1655 1877 1837 1927 valeret,
1856 1877 2086 1929 Apostolica
2102 1879 2289 1919 Auctori-

1265 1944 1348 1978 tate
1361 1936 1570 1977 licentiam
1585 1935 1855 1985 conceffimus,
1868 1935 2113 1989 &impartiti
2131 1938 2258 1978 stimus
2271 1964 2287 1987 ‚

1263 2005 1382 2048 prout
1406 1993 1446 2034 in
1476 1993 1618 2036 nostris
1631 1991 1803 2048 desuper
1818 1993 1856 2034 in
1870 1993 1982 2034 simili
1998 1993 2124 2036 forma
2144 1995 2283 2036 Brevis

1262 2051 1461 2106 expeditis
1487 2051 1643 2103 literis,
1670 2064 1838 2107 quarum
1865 2060 2049 2093 tenorem
2082 2053 2286 2107 praesenth

1261 2110 1332 2151 bus
1348 2123 1420 2164 pro
1433 2107 1616 2165 expresso
1628 2110 1769 2157 haberi
1785 2109 1968 2158 volumus
1982 2136 1996 2160 ‚
2009 2110 2165 2172 plenius
2183 2126 2283 2154 con-

1259 2178 1439 2210 tmetur.

1320 2230 1426 2268 Cum
1452 2237 1610 2275 autem,
1635 2226 1734 2273 ficut
1757 2228 2081 2279 dilenusssfiliusl
2098 2230 2284 2275 Vicarius

1261 2284 1521 2327 Provincialis
1558 2287 1795 2329 eorumdem
1834 2291 2020 2330 Fratrum
2060 2289 2283 2334 Provincia:

1260 2343 1552 2386 Panormitanae-
1581 2345 1708 2387 Nobis
1737 2358 1864 2399 nuper
1885 2346 2033 2398 exponi
2054 2343 2152 2386 fecit
2168 2373 2182 2396 ‚
2206 2347 2280 2389 itt-³

1261 2401 1430 2457 praefatis
1445 2402 1584 2443 nostris
1599 2401 1746 2444 litteris
1769 2403 1882 2449 nulla
1904 2401 2005 2447 facta
2031 2402 2153 2446 suerit
2168 2418 2283 2454 men·-¹

1261 2459 1320 2501 tio
1334 2458 1385 2500 de
1401 2459 1576 2504 Ecclesia
1596 2459 1727 2501 veteri
1741 2458 1852 2500 dietae
1868 2458 2021 2500 Domt'is
2038 2461 2280 2514 Regularis‚

1262 2517 1389 2559 Nobis
1406 2526 1621 2571 propterea
1636 2516 1842 2561 humiliter
1859 2515 2071 2572 supplicari
2088 2516 2183 2563 fecit
2195 2547 2208 2569 ‚
2231 2530 2279 2561 ut

1262 2577 1302 2617 in
1329 2575 1520 2630 praemiffis
1543 2575 1770 2630 opportune
1790 2575 2008 2630 providere
2028 2603 2042 2626 ,
2073 2585 2219 2630 atque,
2235 2586 2281 2618 ut

1261 2634 1361 2676 infra
1375 2632 1610 2690 ‚indulgere
1632 2634 1685 2680 de
1706 2634 1956 2687 benignitate
1986 2635 2198 2689 apostolica
2215 2635 2280 2676 di-

1262 2705 1476 2747 gnaremur
1490 2719 1500 2730 .
1534 2696 1620 2734 Nos
1641 2693 1769 2748 igitur
1783 2692 1933 2734 dictum
1949 2691 2155 2734 Vicarium
2179 2695 2280 2735 Pro-

1263 2750 1475 2793 vincialem
1491 2749 1724 2806 specialibus
1739 2749 1970 2797 favoribus,
1983 2751 2022 2794 ὃς
2035 2751 2170 2804 gratiis
2185 2765 2280 2806 pro-

1263 2807 1372 2864 sequi
1401 2808 1584 2851 volentes
1598 2836 1612 2858 ‚
1638 2810 1674 2848 δι
1696 2810 1717 2851 ὲ
1732 2805 1932 2864 quibusvis
1949 2810 2279 2851 excommunica-

1262 2866 1467 2908 tionis&c.
1496 2866 1734 2915 censentes,
1767 2865 1989 2920 hujusmodi
2022 2866 2278 2921 supplicatio-

1261 2924 1378 2967 nibus
1394 2923 1599 2973 inclinati,
1610 2923 1790 2977 Syndico
1802 2924 1913 2964 dictae
1929 2922 2083 2966 Domus
2096 2925 2279 2978 Regula-

1263 2982 1315 3023 ris
1332 3010 1346 3035 2
1372 2980 1478 3037 quod
1498 2982 1578 3037 ipse
1599 2982 1828 3036 praedistam
1847 2980 2067 3023 Ecclesiam
2097 2992 2276 3024 veterem

1261 3038 1451 3083 demoliri
1479 3038 1638 3090 facere,
1669 3039 1852 3094 illiusque
1878 3041 2117 3085 coementis,
2142 3040 2181 3078 ὃς
2197 3052 2280 3080 ma-

1261 3097 1470 3140 terialibus
1488 3097 1539 3139 ad
1552 3111 1653 3152 opus
1669 3095 1823 3139 fabricae
1839 3109 1949 3139 novat
1969 3094 2117 3137 Domus
2132 3094 2276 3150 praefa-

1261 3164 1340 3205 tae,
1366 3156 1426 3198 uti
1450 3155 1642 3197 libere&
1667 3154 1777 3196 licite
1789 3155 1901 3209 poffit
1919 3156 1957 3198 ὃς
1974 3153 2134 3204 valeat,
2163 3156 2276 3208 Apo-¹

1259 3213 1396 3256 stolica
1418 3213 1692 3262 Auctor-itate,
1718 3222 1862 3256 tenore
1884 3212 2129 3265 praesentium
2146 3212 2284 3254 licen-.

1259 3271 1360 3312 tiam
1376 3270 1633 3313 concedimus
1649 3299 1661 3321 ‚
1675 3271 1973 3325 &impartimur
1990 3299 2001 3310 .
2012 3273 2104 3311 Non
2118 3270 2276 3313 obstan-

1259 3328 1364 3370 tibus
1394 3328 1464 3370 fel.
1492 3342 1574 3371 rec.
1602 3328 1780 3370 Paulill.
1807 3330 1846 3368 &
1871 3327 2037 3369 aliorum
2068 3329 2282 3370 Romano-

1260 3400 1347 3428 rum
1372 3383 1605 3427 Pontificum
1632 3385 1965 3428 Praedecefforum
1989 3386 2206 3427 nostrorum
2221 3388 2275 3428 de

1257 3446 1374 3486 rebus
1392 3443 1575 3484 Ecclefiae
1598 3457 1676 3485 non
1705 3443 1925 3484 alienandis
1943 3471 1956 3494 ,
1982 3441 2143 3499 aliisque
2160 3448 2275 3486 Con-

1258 3500 1526 3542 stitutionibus
1539 3500 2087 3551 &ordinationibusmecnon
2106 3501 2272 3553 Domus,

1259 3561 1299 3600 δε
1323 3558 1486 3601 Ordinis
1512 3559 1785 3612 praedifflorum
1812 3587 1826 3609 ‚
1864 3559 1984 3614 etiam
2017 3559 2271 3614 juramento,

1259 3616 1565 3659 confirmatione
1585 3615 1809 3671 Apostolica
1823 3644 1838 3667 ‚
1865 3615 1929 3659 vel
1956 3619 2091 3673 quavis
2108 3618 2274 3659 firmita-

1258 3685 1300 3716 te
1314 3676 1390 3716 alia
1408 3674 1605 3716 roboratis
1619 3702 1633 3724 ‚
1646 3672 1796 3716 statutis
1813 3703 1826 3725 ‚
1845 3676 1884 3715 &
1897 3676 2247 3717 consuetudinibus
2259 3700 2274 3721 ,

1259 3732 1492 3788 caeterisque
1507 3732 1717 3774 contrariis
1729 3733 2023 3789 quibuscunque
2036 3763 2047 3773 .

2066 3793 2216 3831 Datum
