2716 4042
406 242 549 325 xvi
790 228 2028 323 PROSECvTIO

344 379 479 421 non
517 351 867 428 immisceO,
916 353 974 416 8<
1022 375 1164 416 cum
1213 355 1277 415 P.
1317 349 1714 418 Reiffenstuel
1749 352 1955 417 saltem
1995 343 2062 415 in
2099 348 2216 416 hac
2249 349 2488 418 Rescri-

344 464 596 538 ptorum
646 446 900 510 materia
948 445 1078 510 illas
1121 469 1257 508 non
1294 443 1540 510 differre
1582 465 1808 522 tene0,
1852 470 1991 512 cum
2034 451 2489 530 concurrentes]

343 542 580 606 malitia
629 536 921 625 obreptio
958 585 975 615 ,
1037 540 1141 603 vel
1190 535 1507 629 subreptio
1571 536 1963 630 Rescriptum
2019 539 2327 603 maculent
2360 588 2377 616 ,
2419 540 2488 603 il-

348 634 579 724 ludque
628 628 733 693 suo
781 629 1112 697 destituant
1155 634 1370 699 valore
1406 656 1420 695 :
1470 632 1703 696 eruitur
1741 629 1866 697 hoc
1906 629 2227 698 manifeste
2275 653 2342 696 ex
2383 633 2486 696 cit.

344 745 388 787 c.
405 728 594 812 stiper
633 724 902 799 litteriS,
941 723 1048 789 ubi
1071 724 1365 791 Pontifex
1406 724 1487 792 de
1525 723 1860 813 Rescriptis
1884 725 2130 806 Justitiae
2165 725 2247 789 ita
2286 725 2487 813 loqui-

339 834 469 882 tur:
519 815 716 909 Qod
743 817 859 905 ipsi
890 820 962 887 in
981 818 1116 906 ιΙίιαε*
1141 817 1589 904 perversitatis
1615 837 1870 905 poenam
1894 818 2234 889 nullumex
2267 818 2359 883 iis*
2381 817 2483 899 lit-

336 912 490 977 teris
524 910 904 976 commodum
925 913 1382 1000 consequantur
1401 959 1418 986 ,
1456 912 1552 977 ita
1585 909 1873 978 videlicet
1893 959 1911 986 ,
1944 911 2113 999 quod
2139 909 2485 999 Delegatus

339 1005 372 1090 (
391 1003 711 1094 postquam
728 1001 863 1094 fibi
887 1005 1078 1097 stipor
1115 999 1438 1094 hoefada
1457 1002 1673 1090 fuerit
1688 1003 1906 1093 fides)
1958 1005 2308 1074 nullatenus
2359 1004 2483 1070 de.»

338 1098 519 1185 causa
550 1096 897 1183 cognoscat.
947 1098 1228 1164 Veritate
1277 1096 1482 1162 autem
1525 1099 1826 1163 occultata
1858 1145 1876 1175 ‚
1927 1099 2029 1163 vel
2075 1095 2332 1162 falsitate
2381 1119 2484 1161 ex-

336 1189 537 1282 pressa
569 1212 682 1277 per
718 1191 1134 1280 ignorantiam
1166 1241 1182 1268 ,
1231 1208 1330 1267 aut
1370 1188 1828 1278 simplicitatem
1863 1188 2154 1261 Pontifex
2193 1188 2397 1256 eodem
2433 1211 2478 1253 e.

336 1277 844 1373 distinguendum
884 1284 1122 1361 statuit,
1164 1307 1298 1373 quoe
1314 1283 1578 1371 falsitas
1594 1282 1887 1372 fitggesta
1907 1284 2122 1371 fuerit
2144 1332 2160 1359 ,
2209 1284 2314 1349 vel
2342 1303 2479 1373 quae

338 1379 584 1444 veritas
623 1377 932 1443 occultata
969 1404 985 1446 z
1034 1401 1188 1442 nam
1207 1379 1284 1464 st
1310 1377 1461 1443 talis
1495 1376 1764 1469 expreffa
1783 1376 1879 1462 stt
1896 1377 2166 1466 falsitas
2188 1427 2205 1455 ,
2240 1375 2344 1442 vel
2376 1397 2477 1443 ve-

334 1474 509 1537 ritas
549 1471 852 1537 occultata
876 1519 893 1543 ,
942 1491 1076 1558 quoe
1115 1473 1407 1558 quamvis
1433 1468 1651 1559 fuiffitt
1692 1471 1894 1537 tacita
1927 1519 1943 1546 ,
2006 1470 2113 1536 vel
2151 1468 2418 1560 expreffa
2461 1517 2478 1544 ,

339 1564 478 1631 'Nos
514 1563 915 1629 nihilominus
937 1564 971 1648 ζ
972 1563 1210 1646 saltem
1246 1564 1318 1627 in
1338 1561 1566 1648 forma
1603 1565 1964 1650 communi)
2001 1559 2251 1630 litteras
2289 1561 2480 1650 dedis:

323 1660 535 1744 fimus
557 1705 573 1731 ,
617 1655 957 1744 Delegatzts
978 1678 1134 1731 ,non
1146 1656 1417 1744 sequens
1432 1654 1726 1740 formam
1749 1657 1822 1721 in
1861 1657 2095 1723 litteris
2129 1657 2268 1744 ipsts
2300 1673 2477 1744 appo-

317 1752 562 1839 fitam,
592 1750 935 1834 secundnm
972 1747 1254 1815 ordinem
1282 1750 1463 1832 juris
1500 1750 1571 1813 in
1618 1750 1800 1843 causa
1831 1749 2130 1834 procedat
2160 1797 2174 1812 .
2223 1746 2299 1814 Si
2329 1750 2478 1814 vero

332 1863 448 1933 per
478 1843 823 1929 hujusmodi
833 1842 1155 1929 falsitatis
1192 1837 1608 1929 expreffi'onem
1628 1890 1644 1916 ,
1682 1841 1786 1907 vel
1797 1840 2258 1929 stippreffi'onem
2279 1843 2479 1912 etiam

339 1938 641 2003 veritatis
659 1986 676 2012 ,
712 1936 940 2002 litteroe
958 1935 1218 2020 fuerint
1263 1936 1645 2021 impetratae,
1691 1933 1820 2023 qud
1868 1934 2072 2000 tacit-d
2118 1933 2219 2000 vel
2250 1936 2476 2021 expres

341 2029 415 2095 sci
432 2079 449 2106 ,
487 2029 614 2094 Nos
645 2030 848 2094 nullas
869 2030 1120 2116 prorlits
1154 2029 1407 2093 litteras
1448 2026 1590 2093 dedi
1639 2051 1807 2094 emus
1826 2078 1842 2104 ,
1880 2028 1922 2092 ci
1959 2025 2260 2116 Delegato
2303 2050 2476 2093 nom

300 2165 308 2172 -
339 2123 423 2209 est
459 2123 862 2211 aliquatenus
883 2121 1369 2211 procedendum,
1408 2121 1532 2206 nisi
1594 2121 1826 2206 orsitan
1850 2137 2138 2197 eatenus,
2178 2137 2244 2187 ut
2268 2124 2476 2208 parti-

338 2217 447 2282 bus
481 2215 573 2280 ad
598 2217 790 2302 fitam
825 2217 1230 2303 praesentiam
1275 2215 1627 2281 convocatis
1650 2263 1666 2292 ,
1711 2215 1782 2282 de
1808 2234 2060 2304 precum
2106 2216 2472 2305 qualitate>

342 2309 696 2397 cognoscat.
742 2313 837 2376 Ex
877 2333 1008 2400 quo
1047 2308 1200 2374 Abb.
1234 2308 1323 2375 ibi
1357 2333 1413 2374 n.
1445 2331 1495 2389 5.
1533 2327 1654 2374 tres
1700 2308 1954 2376 conficit
1991 2311 2230 2400 regulas
2261 2357 2278 2383 ,
2328 2332 2475 2398 qua-

340 2428 474 2473 rum
505 2404 720 2490 prima
756 2403 946 2477 dicit,
989 2402 1451 2493 subreptionem
1503 2400 1780 2466 dolosam
1825 2402 2036 2467 vitiare
2080 2402 2476 2491 Rescriptum

341 2498 410 2562 in
438 2512 642 2561 totum
663 2522 678 2560 ε
691 2495 1001 2581 ficundct,
1026 2493 1484 2587 subreptionem
1514 2518 1591 2560 ex
1619 2495 1973 2583 ignorantia
2007 2497 2109 2561 vel
2129 2494 2474 2583 simplicita-

339 2609 400 2655 te
422 2638 437 2664 ,
471 2587 516 2652 fi
539 2587 650 2652 fuit
679 2588 848 2653 causa
878 2587 1236 2654 obtinenda:
1260 2588 1439 2652 solius
1474 2586 1672 2682 forme
1705 2587 2005 2678 Rescripti
2024 2639 2041 2665 ,
2082 2587 2472 2655 substantiam

341 2683 518 2767 hujus
557 2704 688 2745 non
709 2680 958 2747 inficere
979 2732 996 2758 ,
1033 2681 1168 2748 casu
1189 2705 1316 2774 quo
1336 2683 1630 2772 Princeps
1649 2680 2086 2771 alia8,expresla
2105 2685 2292 2748 etiam
2314 2684 2472 2747 veri-

340 2791 463 2839 tate
486 2774 586 2837 vel
615 2772 1277 2866 falfitate,Resc-riptum
1289 2773 1628 2841 dedissem&
1646 2779 1842 2843 tertia
1863 2775 2063 2840 statuit
2080 2775 2473 2865 Rescriptum

341 2869 407 2933 in
447 2883 645 2931 totum
689 2868 892 2932 vitiari
924 2917 942 2944 ,
988 2867 1032 2933 fi
1069 2871 1365 2961 Princeps
1411 2869 1563 2933 illud
1603 2891 1736 2933 non
1783 2866 2077 2945 dedisset,
2121 2866 2354 2934 etiamsi
2394 2890 2471 2931 ex

341 2960 695 3046 ignorantia
731 2962 834 3030 vel
861 2960 1246 3061 simplicitate
1277 2962 1502 3035 veritas
1532 2959 1714 3027 fuerit
1735 2959 2037 3054 suppresla
2057 3011 2075 3038 ,
2111 2963 2216 3028 vel
2248 2959 2470 3025 salsitas

344 3052 648 3144 suggesta.
1807 3054 1811 3058 ’

523 3145 662 3235 Ipso
698 3149 825 3213 iure
862 3147 1252 3242 Rescriptum
1293 3151 1488 3241 gratie
1540 3148 1968 3244 subreptitium
2032 3146 2150 3218 effi:
2199 3150 2471 3226 nullum,

351 3236 681 3307 desumitur
715 3265 784 3307 ex
822 3263 866 3306 e.
900 3246 1005 3313 ult,
1038 3245 1111 3310 de
1145 3245 1262 3313 Fil.
1297 3247 1570 3337 Presoyt.
1608 3244 1675 3308 in
1722 3256 1776 3313 6.
1822 3242 1927 3309 ubi
1973 3243 2194 3308 dicitur
2228 3269 2243 3308 ε
2296 3239 2469 3308 Talis

352 3328 709 3415 dispensatio
732 3383 748 3409 2
789 3337 955 3403 velut
965 3355 1084 3426 per
1101 3341 1562 3426 stibreptionem
1610 3335 1858 3404 obtenta
1892 3386 1910 3414 ,
1957 3336 2180 3403 nullius
2214 3339 2468 3424 penitus

348 3422 426 3503 ψ
449 3430 777 3492 momenti.
811 3429 1198 3521 Rescriptum
1222 3437 1376 3500 vero
1398 3430 1632 3520 justitie
1668 3429 2130 3520 subreptitium,
2165 3452 2299 3493 non
2333 3427 2471 3519 ipso

349 3514 514 3589 iure,
556 3514 659 3582 sed
698 3542 819 3606 ope
871 3527 1257 3614 exceptionis
1308 3525 1688 3601 annullatur,
1730 3522 2073 3611 Fagnanus
2110 3523 2170 3588 &
2205 3522 2308 3587 alii
2347 3525 2467 3586 iit-2

352 3622 478 3690 cap.
522 3609 611 3671 ad
631 3612 1017 3682 audientiam
1055 3618 1161 3684 XI.
1203 3618 1275 3684 de
1310 3619 1608 3708 Rescript.
1649 3619 1709 3682 ἃ
1746 3617 2032 3684 fundatur
2067 3611 2307 3681 assertio
2349 3615 2469 3679 in„

349 3694 476 3785 ipsa
510 3698 973 3790 Rescriptorum
1009 3703 1368 3779 'differentia
1400 3761 1417 3789 ,
1471 3735 1616 3780 nam
1656 3712 1724 3778 in
1760 3708 2089 3799 Rescriptis
2123 3709 2318 3799 gratie
2356 3732 2462 3775 ne-

2131 3819 2371 3896 gotium
