2664 4114
365 218 486 299 74

307 305 399 349 bilis
423 308 466 345 iit
494 299 686 345 P.rofeffio
711 312 760 342 ex
789 305 904 352 parte
928 293 1195 349 Profitentis‚
1221 307 1347 353 prout

307 364 503 417 contingit
519 363 556 404 in
574 360 778 404 societate
789 354 943 413 Jesu,in
959 367 1036 410 qua
1054 369 1146 399 cum
1162 370 1261 400 vero
1273 355 1348 400 sta·-

307 433 351 465 tu
370 420 596 476 Regulari,
625 420 664 460 &
690 428 780 458 cum
813 427 906 456 vera
926 412 1144 468 Religione
1173 414 1348 459 consistit

308 479 478 525 facultas
498 476 724 531 Religionis
749 471 987 527 expellendi
1004 471 1203 515 Professos
1217 502 1230 515 .

368 540 576 582 Caeterum
592 533 761 578 Pontius
776 531 896 574 altius
908 544 998 575 rem
1013 532 1242 575 examinans
1258 545 1350 588 pro·

307 600 404 647 bat,
437 594 723 640 Professioneni
739 587 817 633 esse
832 589 1008 646 speciem
1028 590 1243 646 quamdam
1264 594 1352 636 Do-

306 656 480 698 nationis
493 679 507 701 a
531 666 606 707 qua
624 650 820 694 Novitius
835 648 873 705 se
889 649 1015 693 tradit
1028 676 1042 700 2
1057 663 1104 693 ac
1116 653 1242 693 donat
1258 652 1348 696 Re-

306 715 472 769 ligioni,
499 712 538 752 &
569 711 610 753 in
638 723 715 766 qua
747 707 953 765 utriusque
975 710 1105 767 partis
1137 708 1347 754 consensus

304 771 556 821 intervenit3
591 768 748 811 Novitii
773 767 968 823 quidem,
994 768 1062 822 qui
1089 767 1129 810 se
1150 770 1352 824 perpetuo

305 830 429 873 tradit
450 828 689 884 Religioni:
725 827 955 883 Religionis
973 830 1092 878 vero,
1111 841 1197 882 quae
1221 826 1351 870 dona-

303 889 462 935 tionem
477 896 694 943 acceptat.
715 888 775 928 Ex
792 886 866 929 hoc
883 895 1020 928 autem
1035 886 1240 940 principio
1256 884 1349 929 sub-

302 947 487 1003 sequitur
501 975 515 998 ,
529 946 639 1002 quod
653 975 667 997 ,
682 944 791 989 sicuti
815 944 864 987 a'd
883 942 1134 988 validitatem
1155 945 1351 988 donatio-

307 1009 368 1050 nis
386 1007 565 1060 pertinet
580 1004 764 1061 quidem,
776 1003 885 1059 quod
899 1012 1046 1047 mutuo
1059 1003 1239 1057 quodam
1253 1018 1351 1048 con·

303 1065 414 1110 sensu
430 1064 599 1109 donatio
615 1072 859 1118 acceptetur
872 1092 887 1114 ,
902 1075 985 1105 non
997 1063 1098 1104 vero
1113 1067 1245 1118 ‚quod
1263 1065 1350 1104 Do-

305 1126 486 1168 natarius
512 1123 593 1166 sese
620 1122 778 1178 obliget
802 1135 891 1164 rem
916 1121 1111 1165 donatam
1140 1135 1348 1177 nunquam

303 1184 517 1226 dimittere
532 1211 547 1234 a
568 1183 624 1224 ita
653 1181 703 1224 ad
723 1178 977 1224 Profeffionis
1007 1179 1257 1224 validitatem
1282 1194 1349 1222 re-

304 1243 480 1298 quiritur
506 1240 739 1294 acceptatio
769 1239 1028 1295 Religionis,
1059 1240 1140 1281 haec
1174 1250 1349 1283 autem-a

305 1302 458 1344 viribus
483 1299 677 1343 subsistit,
703 1298 857 1340 etiamsi
883 1311 932 1340 ex
948 1297 1108 1351 speciali
1126 1299 1218 1352 lege
1234 1302 1350 1341 Con-

306 1360 563 1401 stitutionum
588 1353 919 1406 confirmatarum
943 1354 1179 1408 Apostolica
1195 1357 1349 1401 Audito-¹

306 1418 429 1460 ritate
456 1414 622 1457 deficiat
649 1413 832 1467 legitima
850 1410 1113 1462 solemnitas,
1142 1426 1216 1465 qua
1234 1414 1353 1457 Reli-

306 1478 373 1530 gio
399 1473 608 1516 consuevit
633 1472 672 1512 se
696 1469 882 1524 obligare
897 1472 1099 1525 perpetuo
1117 1470 1350 1516 retinere.)

304 1531 533 1576 Professum
561 1558 573 1572 .
608 1530 718 1573 Hinc
750 1530 859 1571 idem
892 1529 1056 1570 Pontius
1087 1527 1348 1573 doctissimam

304 1593 413 1635 suam
444 1588 769 1635 dissertationem
797 1587 1010 1630 concludit
1037 1587 1097 1631 his
1123 1589 1281 1632 verbis:
1318 1593 1348 1632 E

305 1651 445 1707 quibus
470 1650 637 1704 (lenique
660 1647 866 1703 conficitur
878 1647 1195 1689 immobilitatem
1208 1649 1347 1704 statds

307 1709 497 1765 Religiofi
514 1721 598 1751 eam
615 1704 796 1762 requiri,
830 1705 876 1752 ἐς
888 1704 1099 1762 sttffi'cere,
1124 1719 1209 1760 quoe
1225 1708 1277 1763 cst
1298 1721 1345 1750 cx

295 1778 418 1825 parte
435 1766 672 1822 Religiostst·
688 1766 867 1806 donantis
881 1791 895 1813 ,
924 1778 970 1806 ex
997 1778 1039 1806 eo
1067 1764 1170 1806 enim
1184 1764 1346 1808 tantdm

303 1828 429 1883 capite
453 1827 505 1883 ιγ]
516 1825 649 1882 status
672 1823 740 1883 iste
756 1853 770 1875 ‚
801 1823 849 1873 ἐς
867 1824 1024 1866 donatio
1042 1825 1253 1867 immobilis
1268 1851 1283 1875 ,
1301 1838 1346 1866 ac

296 1895 490 1942 perpetua
511 1893 587 1938 per
597 1884 670 1939 st·
705 1884 825 1939 ⁴Quod
844 1883 932 1924 vero
955 1892 1139 1939 exparte
1164 1881 1356 1939 Religiost'

303 1944 483 2002 Praesielis
497 1942 558 1999 fit
586 1943 795 1984 immobilis
811 1969 825 1993 ‚
858 1955 933 1984 non
945 1942 1178 2000 requiritur
1202 1943 1348 2000 adsta-

302 2014 387 2047 tum
403 2002 517 2058 istum
530 2032 546 2053 ‚
576 2015 696 2059 neque
709 2000 961 2058 necfferium
974 2001 1028 2057 est
1037 2029 1051 2052 ,
1078 2015 1124 2042 ea
1136 2006 1239 2042 enim
1253 2000 1346 2060 ff't

303 2061 559 2105 immobilitas
577 2070 774 2116 perpetua
794 2069 869 2119 per
897 2061 1068 2104 accidens
1083 2086 1097 2110 ,
1129 2061 1346 2111 &extrin-

289 2121 389 2177 fica
404 2150 416 2163 .

362 2183 457 2226 Haec
487 2187 622 2221 autem
647 2177 789 2234 opinio
811 2179 1034 2222 convenire
1056 2176 1228 2221 videtur
1251 2192 1345 2223 cum

304 2239 470 2295 antiqua
494 2237 682 2280 Ecclesiae
701 2237 920 2295 Disciplina
937 2264 952 2287 2
974 2236 1139 2294 quando
1159 2236 1346 2280 solemni·-

302 2308 363 2341 tas
382 2295 635 2342 Professionis
652 2296 871 2339 constituta
891 2296 967 2338 fuit
993 2298 1030 2339 in
1048 2295 1238 2352 promitio
1249 2311 1344 2352 per..

300 2368 428 2413 petuo
458 2354 722 2411 permanendi
753 2356 791 2396 in
819 2356 1070 2409 Religione‚
1098 2357 1179 2398 haec
1203 2356 1345 2401 enim...

302 2415 509 2472 promiffio
545 2413 697 2457 nullam
725 2413 1011 2470 praeseferebat
1043 2414 1343 2469 obligationem

301 2474 533 2530 Religionis
551 2473 757 2515 retinendi
776 2472 999 2516 Professum
1014 2501 1028 2523 2
1042 2486 1163 2528 quam
1179 2473 1344 2528 quidem

303 2534 566 2576 vetustiorum
590 2543 824 2586 temporum
842 2531 1095 2586 disciplinam
1111 2531 1343 2588 conquisitis

301 2592 470 2634 Patrum
488 2591 725 2633 testimoniis
742 2589 913 2633 illustrat
936 2591 1045 2634 idem
1068 2590 1237 2645 Bastlius
1253 2593 1344 2632 Pon-

299 2653 381 2695 tius
396 2653 551 2691 variar.
573 2649 719 2705 disput.
743 2657 858 2704 part.
879 2662 914 2691 1.
938 2648 1071 2705 quaest.
1102 2648 1285 2705 scholast.
1302 2662 1342 2701 3.

303 2718 467 2763 cap-10.
501 2717 545 2750 ut
579 2706 733 2749 scilicet
760 2706 1001 2750 sententiam
1026 2707 1138 2750 illam
1154 2705 1260 2749 suam
1289 2708 1342 2751 de

302 2766 566 2820 Religionis,
594 2766 631 2805 &
662 2775 851 2807 votorum
880 2775 1055 2816 natura,
1085 2779 1204 2822 quam
1222 2776 1343 2809 tota...

302 2824 384 2880 ipsa
403 2824 590 2880 quaest.3.
624 2822 862 2867 luculenter
891 2826 1093 2876 insinuat,
1125 2825 1241 2877 aliis,
1269 2839 1341 2869 no-

302 2884 442 2938 visque
459 2885 708 2937 argumentis
724 2883 849 2937 magis
866 2884 1131 2926 commendet
1147 2912 1159 2925 .

360 2944 434 2986 His
456 2942 595 2999 itaque
618 2941 850 2999 perpensis,
875 2944 963 2986 EE.
979 2944 1072 2985 VV.
1091 2944 1170 2987 erit
1192 2943 1341 2989 decer-

304 3014 403 3044 nere
418 3029 431 3050 ῃ

364 3063 427 3102 An
448 3057 621 3117 Profeffi'o
637 3061 799 3105 Fratris
817 3062 871 3102 N.
890 3059 1143 3118 Capacim‘stt
1159 3061 1271 3104 nulla
1296 3062 1339 3106 in

306 3118 399 3172 caste
420 3117 507 3166 &a

363 3177 419 3216 Et
436 3188 500 3218 20.
519 3179 625 3221 Nov.
647 3180 767 3228 1728.
793 3174 946 3232 prodiit
968 3176 991 3220 ὲ
1008 3179 1131 3221 Sacro
1147 3176 1339 3223 Conseffu

421 3233 618 3278 resolutio
632 3239 722 3280 Non
736 3236 908 3295 constare
922 3237 967 3278 de
980 3237 1170 3280 nullitate
1182 3265 1194 3280 .

690 3352 740 3402 C.
758 3352 884 3405 Card.
904 3354 1062 3423 Origus
1076 3354 1199 3426 Pref

664 3469 705 3510 P.
730 3469 774 3509 de
796 3470 1057 3521 Lambertinis
1074 3476 1218 3518 secret.

366 3578 513 3634 Autog.
543 3582 586 3621 in
617 3585 762 3625 secret.
788 3589 904 3640 Cong.
936 3590 1008 3630 lib.
1034 3592 1103 3640 78.
1131 3589 1214 3646 fol.
1239 3603 1341 3645 457.

424 3650 524 3690 49¹·
540 3665 554 3686 ,
583 3638 630 3685 θ’
649 3652 696 3693 ,53
712 3654 744 3681 ι.
774 3641 821 3689 [θ’
848 3648 889 3685 in
911 3647 1019 3702 Thes:
1043 3648 1152 3704 rtfll.
1174 3650 1340 3708 ejusdem

425 3699 543 3751 Cong.
560 3705 652 3739 tom.
670 3710 710 3750 4.
724 3699 806 3755 sol.
821 3714 917 3754 224.
941 3706 988 3752 (θ’
1000 3706 1194 3764 fol-232.

1149 179 1684 269 'Provincia

1613 300 1655 341 D
1717 298 1751 342 Ε
1813 296 1852 337 C
1913 295 1966 336 R'
2015 294 2049 336 E
2112 294 2149 337 T
2208 295 2247 336 O

1564 415 1610 466 S.
1629 414 1876 484 Congregat.
1897 412 2035 481 Epist·
2053 417 2111 461 &5
2129 411 2287 480 Regul-

1412 541 1492 596 Ad
1517 546 1783 612 Superiores
1800 546 1986 594 Locales
2013 540 2266 591 Pro-vinciae
2286 541 2447 590 Batmi-

1481 616 1538 664 tis
1559 649 1574 672 ,
1604 615 1651 665 ὅ(
1673 617 1968 664 criminaliter
1986 610 2203 679 inquisitis
2221 609 2446 679 asylum-³

1479 685 1726 754 praebentes
1753 702 1898 754 poenae
1942 685 2052 735 alias
2093 696 2252 732 taxatae
2290 694 2447 730 exten-

1487 755 1690 807 duntur.

1469 883 1764 942 Eminenteffmi
1783 914 1799 937 ‚
1826 899 1870 928 ac
1888 880 2198 942 Reverendffmi
2214 882 2392 924 Domini.

1533 1002 1617 1045 UM
1633 1002 1682 1046 ad
1701 1004 2011 1046 Procuratorem
2027 1029 2040 1051 ,
2065 1002 2105 1041 ἃ.
2121 997 2450 1042 Commiffarium

1546 1062 1795 1104 Generalem
1808 1062 2018 1105 Minorum
2033 1060 2339 1116 Capucinorum
2355 1071 2449 1111 gra-

1411 1133 1483 1162 ves
1511 1117 1663 1163 fuerint
1694 1119 1899 1162 devolutae
1929 1119 2135 1175 querelae,
2167 1116 2273 1173 quod
2309 1117 2448 1173 plures

1409 1181 1650 1223 Conventus
1688 1178 1896 1236 utriusque
1930 1178 2155 1221 Provincia:
2185 1176 2371 1219 Calabrae
2407 1174 2448 1217 in

1412 1240 1559 1293 Regno
1578 1239 1852 1294 Neapolitano
1867 1267 1880 1290 ‚
1911 1234 2141 1280 Cosentiiiae
2159 1234 2354 1277 videlicet
2371 1259 2385 1282 ‚
2408 1233 2449 1274 δε

1410 1296 1652 1352 Rhegienfis
1679 1297 2020 1344 acontumacibus
2047 1295 2286 1341 homicidis,
2312 1292 2447 1334 &cri-

1413 1354 1621 1398 minaliter
1649 1357 1842 1412 inquisitis
1872 1356 1984 1399 varie
2013 1355 2307 1402 molestentur,
2347 1352 2447 1394 dum

1413 1411 1484 1455 sub
1509 1423 1712 1468 praetextu
1739 1414 1925 1458 beneficii
1950 1415 2220 1457 immunitatis
2250 1410 2447 1455 vindiCtas

1413 1483 1611 1514 exercere
1631 1501 1644 1524 ‚
1669 1474 1709 1514 δι
1729 1474 1945 1516 mulierum
1971 1473 2278 1516 introductione
2292 1468 2449 1513 clausu-

1412 1542 1472 1570 ras
1499 1531 1744 1584 prostituere
1773 1533 2024 1583 moliuntur,
2057 1534 2092 1573 &
2119 1531 2296 1588 eousque
2328 1540 2449 1569 exce-

1410 1586 1510 1628 dunt
1525 1616 1538 1640 ,
1571 1599 1618 1630 utv
1639 1600 1781 1632 contra
1809 1591 1912 1645 ipsos
1932 1605 2094 1646 quoque
2111 1594 2275 1633 Fratres
2300 1586 2448 1629 insole-

1410 1647 1546 1697 scant,
1576 1648 1633 1689 ita
1653 1657 1725 1705 ,με
1739 1650 1792 1691 ob
1807 1645 2018 1691 dissolutos
2033 1650 2200 1691 illorum
2218 1660 2351 1689 mores
2365 1673 2379 1698 ,
2405 1644 2447 1685 δι

1410 1704 1609 1750 effraenem
1622 1707 1831 1750 licentiam
1844 1723 1922 1750 non
1936 1707 2059 1752 solum
2078 1709 2114 1749 in
2129 1707 2316 1762 religiosa
2329 1704 2447 1761 quie-

1409 1775 1452 1806 te
1470 1765 1743 1821 impediantur
1757 1794 1771 1817 ‚
1802 1769 1943 1808 verum
1960 1767 2086 1809 etiam
2103 1768 2156 1808 ob
2177 1766 2384 1822 inquietos
2400 1760 2450 1804 il-

1411 1823 1546 1867 lorum
1572 1824 1685 1868 ausus
1712 1827 1754 1869 in
1779 1827 1965 1869 oratione
1994 1825 2166 1869 Mentali
2192 1853 2204 1876 ,
2241 1823 2448 1879 aliisque.-

1409 1881 1566 1923 officiis
1585 1883 1742 1926 Divinis
1756 1912 1770 1935 ,
1784 1898 1865 1926 non
1882 1887 1963 1928 sine
1979 1884 2140 1927 modico
2160 1883 2356 1939 regularis
2372 1882 2450 1922 ob·

1409 1938 1621 1985 servantiae
1634 1943 1867 2003 praejudicio
1882 1943 2103 1988 turbentur
2117 1971 2130 1993 ‚
2158 1942 2275 1985 Idem
2293 1944 2448 1985 Procu-

1409 2011 1523 2045 rator
1544 2003 1764 2045 Generalis
1787 2005 1922 2045 Emin.
1942 2005 2034 2046 VV.
2053 2003 2247 2058 supplicat
2265 2030 2281 2052 ‚
2307 2009 2449 2056 quate-

1407 2073 1483 2105 nus
1499 2059 1550 2101 ad
1568 2062 1810 2116 Superiores
1826 2063 1998 2106 Locales
2016 2062 2224 2117 utriusque
2240 2071 2448 2104 memorass

1407 2128 1457 2162 tae
1473 2119 1695 2164 Provinciae
1710 2135 1839 2177 paenas
1856 2122 2093 2177 privationis
2111 2120 2161 2163 ab
2181 2118 2318 2161 officio
2333 2146 2347 2168 ,
2371 2131 2448 2160 vo-.

1407 2179 1467 2222 cis
1493 2179 1630 2223 aistivae
1647 2209 1661 2232 ‚
1683 2182 1722 2222 δι
1743 2179 1896 2236 paffivae
1913 2182 1987 2223 διε.
2017 2181 2094 2223 Pi).
2112 2177 2418 2222 offer-vantibus
2433 2201 2448 2228 ,

1406 2237 1636 2292 hujusmodi
1665 2237 1799 2281 farinae
1827 2240 2059 2283 hominibus
2084 2238 2239 2293 asylum
2270 2239 2310 2278 in
2333 2240 2449 2278 Con·-

1409 2297 1601 2341 ventibus
1619 2297 1889 2355 praebentibus
1902 2327 1915 2350 ‚
1929 2298 1978 2343 ab
2002 2299 2071 2340 hac
2088 2301 2128 2340 S.
2141 2296 2447 2352 congregation

1407 2369 1459 2398 ne
1490 2354 1603 2412 juxta
1615 2357 1814 2400 Lantusca
1839 2367 1994 2404 taxatas
2021 2357 2249 2399 extendere
2274 2352 2448 2411 dignen-e,

1409 2425 1499 2458 tur.
1533 2418 1757 2475 Qam&c.

1468 2477 1592 2516 sacra
1621 2477 1882 2531 Congregatio
1910 2477 2038 2518 Emin.
2066 2473 2114 2522 (9⁵
2145 2477 2236 2517 Rev.
2267 2475 2307 2515 S.
2327 2472 2377 2512 R.
2397 2475 2445 2516 E.

1408 2533 1682 2575 Cardinalium
1696 2544 1824 2589 negot.
1840 2534 1888 2581 ἐς
1900 2535 2065 2594 consult.
2085 2534 2210 2590 Fpisc.
2237 2532 2285 2580 δ’
2308 2532 2447 2586 Regul-

1396 2591 1610 2649 praeptfita
1625 2621 1638 2644 ,
1670 2598 1837 2636 attentis
1854 2594 2032 2651 expositis
2049 2594 2261 2636 Decretum
2277 2591 2379 2632 alitis
2396 2590 2446 2638 (9⁰

1392 2649 1475 2711 βψ
1505 2652 1566 2692 die
1597 2665 1660 2707 ¹3·
1678 2651 1988 2709 Augustii613.
2017 2662 2241 2695 emanatum
2264 2678 2276 2702 ,
2306 2648 2446 2704 prohi-

1405 2709 1494 2751 bens
1514 2711 1787 2765 Superioribus
1807 2712 2064 2767 Regulart'um
2086 2713 2340 2767 receptionem
2353 2735 2368 2759 ,
2397 2708 2447 2756 ἐς

1405 2772 1661 2812 retentionem
1690 2774 1732 2812 in
1755 2772 2013 2815 Conventi'bus
2030 2774 2296 2814 Bonnitorum
2308 2797 2324 2819 ,
2347 2767 2445 2809 alio-

1404 2840 1570 2882 rumque
1598 2829 1700 2872 male
1727 2831 1943 2874 viventium
1960 2830 2045 2888 fitb
2057 2839 2178 2885 paena
2201 2825 2444 2885 privationis

1404 2886 1546 2943 officii,
1577 2901 1622 2930 at
1648 2890 1747 2930 vocis
1771 2888 1937 2941 aeteva,
1969 2887 2186 2945 &pafflvae
2201 2918 2216 2940 ,
2241 2887 2360 2930 etiam
2386 2883 2444 2932 ld

1388 2947 1614 3006 superiores
1632 2950 1896 2991 Conventuum
1910 2952 2196 3003 capuanorum
2211 2944 2366 2990 extendi
2378 2943 2443 2987 de.

1402 3003 1602 3056 claravit,
1627 3005 1674 3052 {5
1702 3009 1764 3047 ita
1766 3007 1931 3062 firvari
1946 3006 2176 3050 mandavit.

1460 3065 1593 3106 Romae
1610 3077 1649 3119 3.
1668 3063 1800 3107 0e70b.
1821 3079 1942 3124 ¹732·

1506 3182 1658 3233 Franc.
1680 3181 1807 3233 Card.
1826 3182 2082 3235 Barberinus
2108 3182 2154 3234 S.
2174 3183 2224 3236 C.
2240 3179 2370 3253 Praefi
2434 3145 2438 3151 ·

1631 3303 1676 3347 L.
1714 3303 1755 3347 S·

1666 3420 1758 3477 ‘Jost
1772 3420 1955 3477 Arcbiep·
1974 3421 2156 3464 Corinthi
2169 3423 2313 3463 Secret-

1454 3538 1514 3581 Ex
1532 3535 1687 3592 Regesto
1705 3541 1848 3579 secret.
1865 3542 1985 3592 Cong.
2001 3534 2119 3594 meust
2132 3536 2184 3586 (θ’
2199 3535 2433 3591 annipraed.

1515 3595 1561 3636 ele
1576 3609 1650 3649 quo
1676 3598 1838 3650 exempl.
1864 3596 1976 3638 auth.
2003 3594 2046 3639 in
2058 3595 2182 3640 Arch.
2200 3595 2235 3635 G
2238 3605 2298 3635 en.
2314 3599 2433 3639 Arm.

1517 3655 1732 3698 Provincia
1747 3655 2010 3708 Rhegienfis.

2261 3829 2370 3873 DE*-

2578 1338 2594 1362 4.
2564 966 2595 1292 ›stffiffiffifrsskssssiwss

2651 1090 2664 1106 ξ’
2655 984 2664 1002 ¹1:
2655 951 2664 970 ,Ἀ
2659 891 2664 898 ι
