2618 4108
917 192 1592 308 Hydruntina.
2053 191 2238 304 '137

189 309 418 363 sententiani,
443 308 544 358 quam
557 308 597 346 de
610 307 703 358 juris
715 308 922 346 Perimam
941 309 1070 359 constlio
1078 312 1221 355 ferimus
1236 312 1274 345 in
1285 310 1337 347 his
1350 311 1486 359 scriptis
1502 335 1515 354 ‚
1539 311 1686 347 dicimus
1698 333 1712 355 ‚
1733 309 1970 353 decernimus,
1993 308 2205 346 declaramus
2219 336 2230 351 ,
2254 313 2297 354 ὠή

196 361 461 411 pronunciamus
474 359 631 407 praefatos
654 357 736 395 RR.
751 357 888 396 Fratres
915 360 1108 405 Capucinos
1127 358 1198 401 fore
1213 381 1226 401 ‚
1251 359 1294 400 &e
1315 358 1373 410 effe
1383 359 1646 397 manutenendos
1659 384 1671 402 ‚
1695 359 1919 406 defendendos
1934 384 1945 396 ‚
1969 358 2012 399 ὠ·
2024 358 2297 406 conservandos,

196 419 301 458 prout
315 405 392 445 Nos
417 410 654 447 manuteneri,
682 406 842 454 defendi,
865 407 908 447 ὠ·
933 406 1130 453 conservari
1143 407 1342 444 mandamus
1362 409 1402 449 in
1428 410 1544 456 quieta
1570 408 1613 450 (ἶς’
1630 407 1775 455 pacifica
1790 403 2069 461 quafipoffiffione
2092 406 2234 443 tenendi
2258 407 2299 441 itt

199 468 313 493 eorum
327 455 463 504 Ecclcfia
474 456 644 504 expofitam
652 458 812 492 Statuam
825 455 864 492 S.
880 454 1029 493 Antonii
1041 454 1081 489 de
1098 454 1219 491 Padua
1233 456 1270 489 in
1283 456 1422 494 Habitu
1437 457 1747 504 Capucinorum&
1756 469 1768 491 c
1778 466 1925 492 uatenus
1941 456 2300 504 opusstt‚Mandatum

198 505 240 540 de
252 504 500 540 manutenendo
513 504 557 539 ad
570 504 693 540 Eorum
706 504 861 549 savorem
872 501 1082 538 decernimus
1108 503 1150 543 ἀπ’
1178 502 1369 540 relaxamus
1384 529 1394 540 .
1421 504 1503 541 Item
1515 506 1596 559 pari
1618 503 1681 539 hac
1704 470 1813 553 noslra
1845 502 2025 550 definitiva
2044 503 2224 552 fintentia
2249 502 2306 537 di·

197 554 303 588 cimus
314 577 328 596 ,
353 553 565 588 decernimus
578 576 590 595 ‚
615 551 846 593 declaramus,
868 551 911 591 ὠ·
926 552 1191 596 pronunciamus
1212 552 1328 599 iisdem
1354 551 1436 587 RR.
1452 552 1488 586 Fr
1497 552 1632 587 acribus
1659 551 1846 600 Capucinis
1863 549 2011 601 licmffe,
2042 553 2198 593 &licere
2214 550 2302 586 alte-

198 613 275 638 rum
289 601 542 641 simulachrum
565 599 681 636 Sanh'ii
692 600 841 635 Antonii
861 598 902 642 de
916 598 1038 638 Padua
1051 601 1090 634 in
1105 599 1243 641 Habitu
1260 601 1514 648 Capacinorum
1530 599 1685 634 benedici
1705 601 1824 647 facere
1843 602 1882 634 in
1897 602 2007 649 nostra
2021 598 2224 637 Cathedrali
2239 598 2305 642 Eca,

197 648 288 698 clesta
304 649 434 698 ,ficque
448 648 652 686 benedit‘ium
655 646 797 696 solemni
810 646 1035 694 Proceffione‚
1046 648 1182 695 pariter
1207 649 1249 688 (9‘
1266 650 1383 696 pompa
1407 656 1467 693 per
1485 647 1675 688 Civitatem
1697 648 1827 694 deferri
1843 647 1962 695 facere
1985 648 2031 684 ad
2056 660 2170 685 eorum
2186 646 2302 684 Eccle-
2348 658 2352 661 ⁵

191 698 274 747 fiam
300 708 399 734 extra
413 698 542 734 Maenia
561 697 682 745 fitam,
709 696 824 741 ibique
845 695 1018 743 exposttum
1046 705 1160 731 tenere
1183 720 1194 738 ,
1219 694 1240 730 ὰ
1279 694 1560 744 Christifidelibus
1585 694 1799 731 adorandum
1821 719 1834 738 ,
1867 696 1910 743 ᾤ’
1936 697 1988 732 ita
2005 696 2141 744 singula
2156 695 2305 744 singulis

197 745 344 793 congru&
358 745 533 794 referendo
555 745 700 784 dicimus
713 766 725 786 ,
746 743 957 780 decernimus
971 768 983 785 ‚
997 742 1207 783 declaramus
1219 767 1230 787 ,
1252 744 1519 790 pronunciamus
1532 766 1544 784 ,
1569 754 1609 777 ac
1630 741 1809 787 definitive?
1817 743 2067 789 sententiamus
2082 770 2095 788 ,
2120 743 2303 792 nonsolicnt

196 793 280 843 isto,
299 794 363 841 sed
391 794 480 829 omni
506 792 573 828 alio
598 791 729 827 meliori
750 792 842 827 modo
856 815 868 835 ‚
893 791 935 832 ἀπ’
958 805 1033 830 cum
1054 792 1270 829 intimatione
1283 792 1356 832 ἀπ’.
1382 800 1411 826 Ξ
1450 791 1500 827 Ita
1522 789 1590 836 Ego
1604 792 1838 837 pronunciavi
1855 791 2000 828 Carolus
2024 793 2304 829 Archidiaconus

198 841 374 879 Ciminelli
407 839 572 878 Vicarius
591 838 772 876 Generalis
785 840 857 881 ὅγε.
884 848 915 879 1:
952 840 1049 877 Lefila
1071 864 1083 883 ,
1122 838 1194 876 lata
1209 864 1218 878 ‚
1243 840 1285 880 (ς’
1305 836 1519 886 promulgata
1532 838 1611 884 suit
1631 838 1831 885 supradifila
1859 838 2041 884 definitiva
2059 841 2237 888 sententia
2261 839 2307 875 de

197 891 303 927 verbo
319 889 364 925 ad
375 889 516 925 verbum
526 911 539 931 ‚
561 898 602 925 ut
608 887 699 936 jacet
709 898 789 935 ‚per
801 900 851 926 me
866 889 1125 939 infrascriptum
1136 889 1251 926 Curiae
1264 887 1464 935 Episcopalis
1482 885 1738 934 Castellaneten.
1753 885 1959 923 Afiitcarium
1977 911 1987 926 ,
2011 887 2122 924 Curia
2143 897 2204 935 pro
2224 886 2307 927 Tri-J

201 937 322 975 bunali
325 936 488 984 sedente,
511 935 572 972 hac
587 937 640 974 die
668 936 835 987 trigesima
850 939 971 985 Menfis
987 938 1079 986 Maji
1099 937 1199 983 16761
1221 935 1443 984 praesentibus
1461 944 1523 983 pro
1540 934 1586 976 Te
1613 935 1689 969 ibus
1709 934 1756 970 D.
1770 933 1897 970 Oratio
1911 933 2052 979 Scodola
2063 959 2077 979 ,
2104 936 2165 972 Ἶ).
2176 937 2304 985 Grego-⁴

199 988 252 1023 rIo
274 986 382 1024 Greco
393 1008 407 1029 ‚
432 985 480 1022 D.
491 984 666 1022 Leonardo
675 985 831 1022 Antonio
844 985 874 1022 lo
887 985 966 1025 Sole
975 1009 988 1029 ‚
1017 986 1059 1032 (ς’
1068 986 1148 1021 aliis
1158 1009 1172 1029 ‚
1197 985 1239 1027 (ἔγ
1252 982 1400 1031 adfidern
1411 984 1484 1032 «γε.
1507 994 1538 1017 :³

296 1081 561 1137 Autographum
580 1081 620 1118 in
633 1081 792 1126 Archivo
813 1082 1011 1125 Provincia
1023 1106 1035 1118 .

201 1214 432 1229 *ψ
789 1212 1019 1228 *ι-

473 1298 516 1339 D
544 1298 580 1340 E
606 1299 644 1340 C
673 1298 713 1340 R
744 1298 779 1339 E
813 1298 848 1339 T
879 1298 943 1338 O.

370 1413 415 1465 S.
433 1412 633 1482 Congreg.
649 1415 785 1483 Epist.
801 1450 817 1473 ,
837 1415 891 1464 (5
903 1414 1059 1484 Regul-

201 1556 423 1625 Receptio
474 1555 654 1606 Domt'is
701 1573 783 1624 pro
827 1553 909 1605 usu
953 1553 1222 1610 lufirmariae

273 1629 320 1674 in
358 1628 564 1679 Civitate
605 1627 933 1694 Gallipolitana
955 1660 972 1687 ,
1023 1626 1221 1679 Ordina-

273 1697 342 1746 tio
362 1696 470 1749 inibi
498 1699 836 1748 committitur.

258 1823 562 1881 Eminentiſsimi
591 1836 635 1866 ac
650 1821 966 1883 Reverendiss'imi
979 1822 1157 1867 Domini.

306 1941 435 1982 Rater
467 1939 716 1982 Laurentius
758 1941 781 1983 a
812 1942 1016 1983 Castrano
1049 1939 1219 1982 Provin-

314 1998 427 2041 cialis
447 1999 709 2052 Capucinoru
725 2012 760 2038 m
790 1999 1007 2041 Provincia:
1024 2000 1222 2052 Hydrun-

196 2060 288 2098 tinae
318 2055 564 2100 humillimus
582 2057 621 2096 &
646 2055 693 2097 ad
721 2056 845 2111 pedes
863 2058 1219 2101 Eminentiarum...

195 2114 429 2157 Vestrarum
457 2114 671 2169 prostratus
699 2117 848 2157 Orator
889 2116 1087 2170 exponit,
1124 2129 1225 2170 qua-

195 2172 292 2215 liter
310 2172 348 2214 in
375 2174 554 2215 Civitate
575 2172 867 2227 Callipolitana
903 2175 1100 2228 reperitur
1113 2177 1224 2215 Con-

196 2241 342 2273 ventus
374 2228 534 2272 suorum
565 2233 747 2272 Fratrum
764 2233 1064 2284 Capucinorum
1089 2259 1103 2281 ‚
1137 2230 1227 2274 mil-

199 2289 319 2330 liano
357 2290 405 2330 ab
438 2287 616 2329 incolatu
653 2287 802 2329 dissitus
830 2301 845 2340 3
878 2303 928 2330 ex
953 2303 1031 2343 quo
1060 2292 1220 2330 Fratres

199 2345 355 2389 Infirmi
372 2374 386 2395 ‚
406 2357 491 2389 tum
512 2346 762 2389 Medicorum
780 2346 1010 2396 astistentia,
1035 2358 1116 2388 tum
1133 2346 1221 2387 aliis

201 2404 416 2459 Religiosis
441 2402 733 2446 neceffitatibus
748 2415 888 2447 contra
907 2405 1128 2447 Charitatis
1143 2433 1157 2455 ‚
1181 2406 1221 2447 δε

202 2465 427 2515 Seraphicae
466 2462 630 2516 Regulae
654 2462 763 2516 leges
793 2463 1028 2517 privantur.
1045 2491 1084 2504 ..
1115 2461 1220 2504 Inde

202 2531 337 2563 motus
369 2520 562 2577 Josz‘phus
596 2523 781 2575 Capanus
820 2520 998 2578 ejusdem
1026 2522 1218 2564 Civitatis

203 2580 308 2621 intra
323 2580 438 2628 huius
459 2593 591 2623 muros
615 2579 655 2618 in
673 2578 766 2620 loco
783 2580 947 2622 honesto
973 2581 1012 2621 δε
1036 2578 1221 2635 segregav-

206 2648 252 2680 to
269 2651 444 2693 quatuor
457 2638 580 2680 cellas
596 2637 770 2680 construi
791 2636 910 2688 fecit,
935 2650 1131 2693 quatenus
1152 2651 1221 2681 oc-

204 2708 395 2739 currente
410 2696 651 2738 necessitatis
666 2697 753 2737 casu
777 2698 858 2738 FF.
872 2695 1023 2739 Infirmi
1044 2711 1090 2739 ex
1108 2699 1221 2738 Con-

204 2766 327 2796 ventu
343 2755 439 2796 illuc
457 2753 746 2808 transportari,
770 2755 906 2809 ibique
934 2757 970 2796 &
989 2755 1154 2798 Medico
1182 2756 1222 2799 &

203 2813 290 2854 aliis
315 2814 550 2868 opportunis
573 2813 758 2854 remediis
786 2814 844 2853 uti
875 2815 914 2856 δε
939 2813 1116 2868 gaudere
1133 2809 1222 2866 pos-

206 2871 281 2913 fint
305 2899 318 2909 .
349 2873 610 2928 Qapropter
649 2872 732 2911 EE.
767 2870 916 2912 Vestris
948 2870 1221 2926 supplicatur,

206 2939 403 2985 quatenus
417 2931 558 2971 dietam
575 2942 718 2970 novam
735 2927 924 2970 fabricam
947 2942 1018 2983 pro
1032 2929 1136 2973 dieta
1153 2941 1222 2969 ne-

204 2987 387 3032 cessitate
401 2986 638 3041 acceptandi
655 2985 889 3031 facultatem
917 2986 1145 3028 concedere
1164 2986 1224 3026 di-

207 3057 407 3102 gnentur.
441 3045 560 3105 Qud
588 3058 679 3085 cum
709 3056 838 3087 totum
866 3044 909 3086 fit
932 3044 1044 3100 juxta
1066 3044 1223 3099 regulas

210 3105 421 3147 charitatis
439 3135 455 3155 ‚
486 3107 521 3145 in
538 3104 704 3157 gratiam
721 3104 940 3158 recipietur
955 3105 1032 3144 &c-

269 3166 390 3203 Sacra
441 3165 697 3217 congregatio
746 3161 1126 3218 Eminentiffimorum
1178 3161 1226 3208 ds*

211 3219 612 3276 Reverendtffimorum
634 3224 674 3260 S.
693 3223 738 3261 R.
757 3224 800 3261 Ε.
819 3221 1089 3262 Cardinalium
1113 3234 1227 3274 nego-

210 3281 277 3322 tiis
291 3308 306 3330 ‚
322 3279 372 3327 &⁴
389 3279 559 3334 Consult.
585 3277 707 3330 Epist·-
722 3277 773 3325 ῥ’
794 3281 976 3332 Regular.
992 3278 1226 3334 pra-posita,

211 3337 570 3381 attenta‘rclattone
587 3336 869 3391 Archiepiscopi
886 3337 1124 3389 Hydruntini
1136 3364 1148 3385 ‚
1163 3349 1225 3376 re·

198 3395 359 3454 ferente
378 3393 670 3450 Eminentiffimo
688 3394 876 3448 Acciajolo
902 3394 1044 3450 censteit
1056 3399 1227 3439 commit-

211 3456 383 3504 tendum,
392 3463 514 3507 prout
523 3451 724 3512 praefintis
740 3454 898 3493 Decreti
921 3462 1051 3494 tenore
1068 3452 1228 3506 benigne*

213 3512 421 3554 committit
443 3512 616 3567 Epfiopo
633 3510 910 3566 Gallipolitano
923 3539 937 3560 ‚
960 3520 1007 3554 ut
1031 3513 1130 3550 veris
1145 3514 1227 3550 exi-

201 3569 393 3627 stentibus
407 3573 581 3611 narratis
601 3572 778 3624 petitam*
779 3565 1014 3623 facultatem
1036 3569 1225 3609 retinendi

206 3629 425 3686 praefatam
443 3632 607 3670 Domum
621 3637 696 3682 pro
722 3628 791 3679 usu
814 3626 1047 3681 Infirmariae
1070 3625 1226 3667 tantam

207 3687 370 3742 prosim
390 3685 558 3728 arbitrio
579 3687 625 3733 ω’
657 3684 882 3741 confitentia
907 3683 1135 3727 Oratoribus
1152 3685 1224 3724 im-

210 3744 441 3800 pertiatur,
471 3744 530 3785 ita
557 3755 686 3788 tamen
702 3771 717 3795 ³
748 3752 793 3785 ut
817 3743 920 3786 inibi
942 3756 1008 3785 nec
1031 3742 1224 3799 Ecclesia,

331 3805 433 3845 Tom.
454 3805 526 3845 111.

1610 1007 1620 1019 .
1634 982 1825 1020 Matthaeus
1851 982 1892 1019 de
1912 980 2022 1020 Felice
2036 983 2117 1021 ΑΒ.
2132 984 2206 1026 (2⁶0.

1275 1297 1551 1353 neepublicum
1564 1299 1793 1340 oratorium
1806 1296 1908 1353 adsit
1924 1325 1937 1348 ,
1950 1309 2017 1337 nec
2030 1295 2144 1337 aliud
2143 1293 2277 1351 simile
2289 1324 2306 1346 ,

1276 1368 1350 1411 quo
1373 1358 1497 1398 ullum
1509 1355 1788 1412 praejudicium
1815 1356 1904 1397 aliis
1928 1355 2187 1411 Regularibus
2201 1351 2308 1412 infe-

1279 1426 1397 1459 ratur
1410 1444 1421 1456 .
1446 1418 1577 1458 Romae
1592 1427 1659 1456 xi.
1681 1418 1806 1457 Mart.
1827 1415 1875 1456 16
1875 1425 1948 1471 94.

1489 1534 1546 1583 G.
1565 1531 1691 1582 Card.
1712 1531 1937 1600 Carpineus
1950 1567 1964 1582 .

1278 1662 1338 1706 En
1353 1658 1508 1715 Regesto
1523 1661 1752 1707 secretaria:
1769 1657 2089 1720 Congregationis
2104 1657 2239 1715 mensis
2258 1657 2306 1706 ζῇ*

1393 1723 1488 1760 anni
1505 1717 1790 1773 praedibiorum
1804 1746 1816 1759 .

1279 1851 2311 1877 ——-.—-—-——u-q=——

1477 1955 1518 1995 D
1579 1954 1614 1994 E
1674 1954 1712 1995 C
1769 1953 1812 1994 R
1871 1953 1907 1994 E
1969 1953 2008 1994 T
2065 1952 2105 1993 Ο

1493 2067 1539 2119 S.
1557 2068 1892 2142 Congregationis
1904 2067 1943 2119 C
1942 2069 2102 2118 oncilii.

1287 2205 1336 2250 A
1352 2198 1635 2249 Monialibus
1652 2201 1870 2249 Civitatis
1897 2200 2033 2265 Lycii
2060 2202 2309 2248 Domum-'n

1354 2267 1574 2319 vetustate
1602 2267 1880 2319 fatiscentem
1912 2268 2081 2326 vendi,
2119 2267 2167 2318 ὃς
2208 2272 2310 2335 pref-

1350 2340 1472 2388 tium
1490 2339 1535 2387 in
1550 2339 1735 2387 alterius
1754 2340 1911 2389 vicinae
1926 2336 2105 2388 Domfis
2116 2340 2310 2404 emptio-

1350 2425 1455 2457 nem
1488 2410 1694 2475 erogari,
1731 2426 1783 2456 ac
1804 2425 1940 2456 onera
1954 2408 2127 2459 Domui
2146 2408 2308 2456 aliena-

1350 2491 1463 2525 natae
1479 2494 1650 2525 annexa
1662 2476 1929 2526 adDomum
1946 2491 2147 2543 emptam
2161 2473 2307 2524 tranfi-

1351 2544 1500 2604 ferri,
1533 2547 1734 2602 'Vitario
1770 2547 1987 2602 Generali
2026 2547 2137 2595 inibi
2175 2561 2306 2606 com-g

1349 2618 1573 2671 mittitur.

1597 2758 1972 2803 LYCIEN.

1435 2870 1600 2915 Oniales
1632 2871 1848 2928 Capucinae
1863 2871 2054 2917 Civitatis
2081 2871 2196 2927 Lycii
2221 2871 2304 2914 sol-

1454 2941 1548 2971 vunt
1585 2933 1788 2973 annuatim
1817 2931 1986 2972 ducatos
2012 2931 2193 2986 quinque
2229 2942 2305 2983 pro

1284 2994 1466 3041 penuone
1480 2989 1629 3031 Domus
1646 2990 1780 3030 vicinae
1793 2989 2040 3031 Monasterio
2055 3003 2131 3044 pro
2146 2986 2305 3029 habita-

1285 3046 1395 3087 tione
1421 3061 1562 3089 earum
1588 3048 1755 3093 famuli,
1782 3044 1845 3086 seu
1874 3048 2075 3097 Paetoris3
2108 3046 2307 3087 habentes

1284 3114 1419 3145 autem
1435 3106 1551 3147 aliam
1564 3109 1739 3147 Domum
1762 3105 1958 3146 vetustate
1973 3103 2223 3148 fatiscentem
2240 3115 2308 3144 va·-

1287 3161 1382 3203 loris
1415 3163 1598 3206 ducator.
1621 3175 1713 3210 150.
1745 3162 1951 3216 locarique
1977 3161 2132 3203 solitam
2163 3160 2305 3203 annuis

1285 3218 1442 3262 ducatis
1455 3235 1496 3273 4.
1524 3221 1746 3276 supplicant
1773 3230 1848 3274 pro
1875 3217 2069 3262 facultate
2098 3218 2304 3262 alienandi

1286 3278 1432 3319 dictam
1454 3283 1628 3321 Domum
1650 3280 1697 3320 ad
1713 3278 1896 3319 effectum
1912 3276 2102 3331 erogandi
2126 3277 2305 3333 pretium

1288 3337 1327 3376 in
1355 3338 1599 3390 emptionem
1626 3336 1794 3378 alterius
1825 3336 1959 3379 vicinae
1975 3335 2156 3387 Domus,
2183 3349 2305 3392 quam

1289 3405 1512 3448 promptam
1539 3397 1682 3437 habent
1708 3408 1780 3449 pro
1805 3393 2037 3436 eodemmet
2050 3396 2214 3449 pretio,
2245 3396 2303 3435 ita

1287 3453 1394 3494 enim
1414 3455 1645 3495 eximuntur
1669 3453 1717 3495 ab
1741 3465 1867 3493 onere
1889 3453 2104 3507 reparandi
2130 3457 2302 3495 Domum

1287 3510 1540 3553 alienandam
1559 3539 1572 3562 ‚
1598 3513 1638 3553 &
1665 3511 1877 3553 lucrantur
1906 3510 2098 3554 ducatum
2124 3524 2303 3554 annuum

1285 3583 1360 3622 pro
1375 3569 1477 3609 dieta
1494 3567 1703 3614 necessaria
1721 3568 1967 3613 habitatione
1979 3569 2130 3626 absque
2144 3571 2304 3626 pericu·-

1286 3627 1326 3669 lo
1342 3627 1451 3668 illam
1467 3641 1546 3667 non
1562 3625 1812 3668 conducendi
1827 3655 1839 3667 .
2286 3626 2291 3630 ⁴

1344 3689 1419 3727 Die
1440 3686 1624 3738 18.‘Julii
1643 3697 1760 3733 170¹·
1777 3688 1905 3734 *sacra
1930 3689 2185 3742 Congregatio
2202 3690 2301 3727 Con-

1282 3742 1364 3785 citii
1379 3745 1538 3786 attenta
1546 3741 1737 3785 relatione
1761 3744 1904 3787 Viturii
1927 3746 2133 3789 Generalis
2149 3747 2301 3796 Lycicn.

1666 3804 1693 3845 S
2135 3801 2241 3842 heni-
