2664 4114
1000 204 1078 294 S.
1139 203 1518 322 Angeli.

2124 241 2271 299 101

231 319 379 363 annuit,
404 328 446 355 at
460 325 523 366 per
544 328 619 359 tres
643 330 754 356 annos
778 328 884 355 unum
902 317 1042 367 fiilia-et
1063 330 1106 357 ex
1115 320 1249 369 singulo
1273 324 1427 358 craennio
1446 320 1601 369 proxim?
1625 333 1775 361 venturo
1797 323 1946 372 legatum
1962 325 2165 376 praedifium
2174 330 2268 377 poffit
2280 329 2344 367 im:

223 367 330 416 pendi
349 376 413 419 pro
439 373 660 416 reparatione
674 393 684 405 .
698 393 710 405 .
728 395 737 405 .
752 393 763 405 .
785 366 1049 415 aedfficationum
1073 368 1272 406 Provincia
1295 371 1336 407 S.
1360 370 1517 418 Augen,
1545 371 1587 406 de
1610 383 1678 420 qua
1689 375 1802 422 supra
1829 374 1904 416 &c.

1262 467 1317 517 B.
1349 469 1589 518 Cardinalzs
1618 473 1753 537 Spczda
1771 507 1786 522 .

317 586 467 637 Exempl.
490 588 530 624 iit
554 584 681 624 2Arch.
708 586 797 624 Gen.
827 582 918 620 0νᾶ.
942 584 1111 621 Armario
1137 585 1319 623 Provincia
1346 586 1385 624 S.
1406 586 1563 631 Angeli.

218 801 399 847 Sortem
435 795 726 862 principalem
763 789 938 841 Censfis
961 793 987 840 ὲ
1011 788 1240 859 quondam

285 870 451 918 Marco
489 866 693 913 Antonio
731 866 884 910 Bruno
927 860 1241 912 Confraterni-

284 937 370 987 tati
393 934 526 986 SSffii
550 935 771 1001 Corporis
798 930 967 981 Christi
994 928 1238 981 Venafran-

283 1023 388 1057 cum
423 1021 559 1054 onere
600 1021 758 1053 annuae
794 1000 1094 1069 eleemosynae
1133 1005 1238 1049 Fra-

281 1075 429 1126 tribus
454 1075 519 1124 ibi
545 1074 702 1125 dandae
735 1072 913 1131 reliffi,
949 1075 994 1122 in
1027 1070 1238 1133 restaura-

284 1149 457 1195 tionem
491 1144 648 1195 nostrae
688 1141 869 1194 Domfis
903 1142 1081 1210 erogari
1113 1157 1238 1191 com-

282 1218 458 1266 mittit.

219 1354 304 1397 Vm.
327 1351 473 1399 Fratri
499 1351 678 1410 Epfiopo
708 1350 919 1411 Venafran.
936 1378 950 1400 2
975 1352 1053 1407 stu
1086 1350 1237 1393 DileHo'

341 1412 445 1456 Filio
472 1411 551 1469 ejus
583 1412 800 1514 -Vgssssffi
808 1409 1104 1510 :spiritualibus

252 1590 696 1647 PAULUS
783 1586 1180 1638 PAPA'V.

215 1717 443 1760 Venerabilis
467 1722 613 1761 Frater
627 1748 643 1769 ,
656 1678 734 1775 fite
763 1714 910 1759 Ditem
937 1718 1016 1758 Fili
1024 1715 1227 1772 salutem,

375 1776 429 1826 ὠ
455 1778 708 1834 Apostolicam
733 1775 1036 1818 Benediffioncm
1049 1803 1062 1816 .

346 1905 494 1946 Omine
522 1904 672 1945 Dileffi
695 1904 787 1945 Filii
814 1904 1011 1958 Scipionis
1035 1901 1225 1956 Gugliel-

362 1962 415 2001 mi
436 1961 648 2012 Eccleliae‚
674 1962 714 2001 &
739 1961 1100 2004 Confraternitatis
1127 1964 1224 2002 ban-

200 2016 349 2059 ctiffimi
383 2019 581 2074 Corporis
623 2019 776 2061 Christi
811 2018 1029 2062 Venafran.
1069 2018 1221 2061 Prioris

197 2075 330 2118 Nobis
349 2091 476 2132 nuper
492 2076 713 2133 expolitum
733 2076 835 2127 fuit,
855 2076 966 2133 quod
981 2078 1078 2119 alias
1098 2091 1222 2133 quon·-

197 2133 292 2175 dam
319 2137 476 2178 Marcus
506 2137 704 2180 Antonius
732 2139 888 2180 Brunus
909 2166 924 2189 ,
955 2146 1051 2179 tunc
1074 2138 1116 2179 in
1147 2139 1222 2178 hu-

197 2194 323 2235 manis
341 2206 490 2248 agens,
514 2196 730 2252 quemdam
744 2196 920 2239 Censum
945 2194 1129 2239 redditus
1153 2208 1224 2236 an-

198 2252 271 2293 nui
296 2254 494 2295 tredecim
532 2254 774 2298 ducatorum
799 2269 893 2296 cum
928 2254 1098 2297 dimidio
1133 2267 1224 2294 mo-

198 2318 303 2351 netae
330 2309 493 2353 illarum
520 2313 693 2366 partium
711 2341 726 2365 ‚
755 2312 901 2355 valoris
930 2314 1032 2355 vero
1059 2315 1097 2357 in
1118 2325 1224 2366 pro-

198 2367 378 2422 prietate
403 2378 569 2411 centurn
594 2372 635 2412 ἃ.
663 2372 954 2428 quinquaginta
981 2370 1222 2414 ducatorum

198 2425 531 2480 pariunv‚eidem
544 2426 882 2473 Confraternitati
908 2428 993 2483 post
1026 2431 1221 2472 obitum

197 2483 307 2526 suum
333 2485 529 2538 donavit,
555 2502 603 2530 ea
627 2498 764 2531 tamen
786 2487 1050 2539 conditione,
1075 2499 1117 2529 ut
1149 2502 1219 2529 no-

199 2555 296 2585 vem
319 2542 455 2586 ducati
474 2545 656 2590 (imiliter
677 2548 717 2589 in
743 2545 932 2590 fabricam
953 2545 1104 2590 Domus
1123 2548 1220 2588 Fra-

197 2609 309 2643 trum
339 2603 545 2646 Minorum
566 2607 867 2661 Capucinorum
892 2617 1219 2661 nuncupatorum

195 2657 380 2717 ejusdem
403 2663 592 2708 Civitatis
608 2692 623 2715 ‚
649 2663 717 2707 seu
745 2665 840 2708 alias
866 2665 1103 2709 eorumdem
1127 2666 1219 2706 Fra·

195 2727 306 2759 trum
326 2719 580 2765 neceffitates
595 2724 798 2765 annuatim
816 2733 1082 2779 erogarentur
1094 2752 1108 2775 ,
1125 2736 1220 2779 pro-

197 2785 244 2818 ut
271 2776 311 2817 in
340 2779 617 2824 instrumento
638 2780 811 2838 desuper
843 2780 1029 2825 consecro
1060 2781 1218 2838 plenius

195 2834 346 2876 dicitur
370 2838 600 2882 contineri.

256 2895 364 2935 Cum
395 2906 533 2938 autem
557 2928 572 2948 ‚
606 2899 704 2939 ficut
731 2897 877 2940 eadem
903 2897 1099 2952 expolitio
1128 2896 1220 2938 sub-

194 2949 390 3007 jungebat
409 2983 423 3005 ‚
450 2969 499 2998 ex
517 2970 568 2998 eo
584 2984 598 3006 ,
623 2957 730 3012 quod
749 2958 909 2999 Fratres
934 2956 1107 3012 praedicli
1133 2955 1220 3008 jux-

195 3020 237 3051 ta
264 3012 459 3065 regularia
482 3029 620 3056 eorum
645 3014 828 3057 Instituta
849 3016 990 3070 Legati
1016 3011 1220 3070 hujusmo-

196 3068 239 3108 di
268 3068 477 3127 incapaces
505 3074 708 3125 existunt,
737 3074 860 3116 dietus
889 3074 1024 3128 Scipio
1063 3074 1219 3115 sortem

198 3128 462 3182 principalem
488 3131 643 3174 Censfis
678 3132 850 3189 praedicti
889 3134 927 3175 in
964 3132 1217 3175 restauratio-

198 3197 292 3224 nem
314 3187 502 3240 praedinae
518 3190 698 3242 Domus,
725 3205 809 3246 quae
835 3192 990 3233 ruinam
1019 3191 1217 3238 minatur,

197 3242 469 3287 &necessaria
492 3251 747 3303 reparatione
771 3250 956 3304 indiget,
984 3263 1028 3291 ac
1055 3263 1131 3304 prae
1156 3247 1217 3288 ni-

198 3301 276 3341 mia
308 3303 535 3345 Incolarum
566 3306 744 3361 ejusdem
776 3308 963 3352 Civitatis
1002 3307 1136 3361 inopia
1170 3319 1219 3346 ex

196 3359 354 3414 piorum
392 3360 656 3417 eleemosynis
689 3363 900 3408 restaurari
939 3379 1021 3407 non
1053 3364 1214 3420 potest,

197 3428 442 3463 convertere
463 3419 568 3474 posse
595 3421 842 3477 summopere
866 3423 1070 3465 desideret
1086 3453 1100 3473 ,
1131 3426 1214 3464 Nos

198 3476 274 3531 piis
299 3475 476 3529 ejusdem
508 3481 705 3536 Scipionis
733 3482 839 3523 votis
867 3483 904 3522 in
930 3481 1122 3536 praemisfis
1144 3494 1215 3521 an·

199 3547 350 3586 nuere,
367 3538 562 3594 illumque
588 3539 823 3594 specialibus
851 3540 1054 3582 favoribus
1070 3541 1108 3579 &
1124 3553 1216 3593 gra-

199 3592 267 3633 tiis
289 3596 470 3651 prosequi
494 3598 678 3640 volentes
694 3625 707 3646 ,
729 3599 768 3639 &
788 3600 810 3640 ἐι
827 3597 1028 3654 quibusvis
1055 3611 1216 3639 excom-

1302 802 1433 843 cope,
1460 789 1525 829 seu
1551 788 1794 832 Discretioni
1811 792 2015 843 Tuae,Fili
2033 794 2229 843 Vicarie,
2256 805 2332 848 per

1301 845 1514 902 praesentes
1545 848 1840 890 committimus
1861 877 1876 900 ‚
1916 851 1955 890 &
1994 853 2226 895 mandamus
2243 880 2257 902 ,
2283 858 2331 894 ut

1302 905 1409 947 veris
1430 904 1690 946 existentibus
1705 906 1955 961 supradietis,
1977 909 2112 950 eidem
2127 909 2332 966 Scipioni,

1298 963 1406 1018 quod
1434 960 1583 1004 sortem
1609 964 1873 1020 principalem
1900 965 2055 1008 Census
2098 967 2334 1024 hujusmodi

1299 1025 1541 1064 Oeconomo
1563 1022 1674 1063 dietae
1705 1021 1853 1065 Domfis
1882 1021 2068 1073 donare,
2093 1024 2202 1070 illam
2228 1028 2329 1070 verb

1299 1080 1426 1122 dietus
1448 1082 1706 1122 Oeconomus
1737 1081 1775 1122 in
1799 1080 1913 1136 ipfius
1944 1081 2102 1125 Domfis
2131 1083 2325 1128 fabricam

1299 1138 1366 1181 seu
1397 1138 1725 1180 restaurationem
1755 1148 2005 1182 convertere
2025 1168 2040 1191 ,
2078 1143 2119 1183 &
2147 1156 2324 1199 erogare

1297 1197 1426 1239 libere
1452 1198 1492 1237 &
1516 1197 1623 1239 licite
1648 1196 1873 1253 respective
1898 1198 2066 1254 poffint,
2086 1201 2326 1253 &valeant,

1296 1256 1503 1298 licentiam
1530 1257 1774 1299 auetoritate
1795 1257 1940 1299 Nostra
1969 1258 2192 1300 concedas.
2227 1263 2324 1301 Non

1296 1314 1542 1358 obstantibus
1571 1314 1643 1357 fel·
1671 1329 1754 1359 rec.
1786 1316 1897 1358 Pauli
1934 1318 2049 1372 Papae
2077 1318 2132 1358 11.
2166 1317 2328 1359 Praede-

1293 1372 1456 1416 cessoris
1483 1373 1618 1415 Nostri
1647 1375 1699 1417 de
1729 1375 1850 1417 rebus
1883 1375 2069 1418 Ecclefiae
2107 1389 2189 1418 non
2221 1375 2324 1417 alie-

1295 1434 1462 1482 nands,
1487 1432 1655 1488 aliisque
1684 1434 2046 1477 Constitutionibus
2077 1436 2117 1475 &
2144 1434 2323 1476 Ordina-

1295 1490 1469 1532 tionibus
1497 1491 1762 1547 Apostolicis‚
1789 1506 1864 1534 nec
1889 1506 1966 1535 non
1996 1491 2148 1534 Domus
2173 1494 2214 1534 &
2235 1495 2319 1535 Or-

1294 1550 1397 1591 dinis
1424 1550 1734 1604 praedictorum,
1765 1551 1803 1590 δι
1825 1550 2056 1606 juramento
2081 1553 2158 1593 &c-
2199 1553 2322 1594 robo-

1292 1609 1389 1651 ratis
1417 1610 1577 1649 statutis
1602 1609 1641 1647 δι
1663 1607 2046 1660 consuetudinibus,
2074 1609 2322 1665 caeterisque

1290 1666 1505 1707 contrariis
1524 1665 1852 1721 quibuscunque.
1883 1669 2034 1708 Datum
2055 1670 2193 1710 Romae
2214 1671 2322 1721 apud

1288 1727 1473 1768 sanctam
1497 1725 1668 1767 Mariam
1685 1725 1882 1781 Maiorem
1910 1724 1979 1767 sub
2007 1726 2157 1768 annulo
2186 1727 2322 1769 Pisca-

1286 1784 1389 1826 toris
1415 1783 1482 1823 die
1508 1796 1601 1824 xvi.
1630 1784 1844 1825 Februarii
1873 1798 2116 1828 mocxvnt.
2148 1785 2322 1836 Pontifi÷

1287 1853 1397 1886 catus
1423 1841 1562 1883 Nostri
1591 1855 1697 1883 anno
1722 1842 1847 1885 tertio
1872 1842 2064 1886 decimo.

1346 1962 1406 2003 Ex
1432 1957 1584 2014 chcsto
1613 1960 1870 2014 Autographo
1896 1960 2062 2002 Archivi
2086 1963 2320 2005 secretariae

1403 2017 1591 2058 Brevium
1624 2019 1928 2073 Apostolicorum
1954 2021 2105 2076 mense,
2143 2020 2192 2068 ἐς
2217 2035 2319 2065 anno

1387 2075 1596 2132 praediffis
1612 2072 1695 2133 fot.
1721 2088 1815 2126 155.

1519 2214 1962 2230 ——ss-—u—
2198 2218 2316 2232 ——

1284 2317 1342 2364 In
1380 2310 1578 2363 Ecclefia
1625 2311 1807 2362 Domfis
1850 2315 1898 2361 S.
1932 2314 2092 2361 Mariae
2130 2317 2317 2365 Gratia-

1352 2400 1456 2432 rum
1485 2386 1596 2432 Loci
1622 2386 1808 2451 foggiae
1836 2385 2135 2451 Privilegium
2158 2385 2213 2434 ab
2233 2382 2316 2435 Al-

1351 2457 1437 2502 tari
1466 2453 1647 2502 Pietatis
1671 2458 1727 2499 ad
1749 2454 1910 2501 Altare
1930 2455 2148 2519 Puritatis
2177 2454 2315 2505 trani:-

1349 2521 1456 2572 ferri
1492 2520 1702 2570 concedit
1719 2556 1732 2570 .

1282 2651 1820 2705 GREGORIUS
1895 2619 2108 2701 PAP‘A
2177 2655 2310 2702 xv.

1446 2778 1515 2823 Ad
1531 2786 1766 2833 perpetuam
1794 2780 1855 2819 rei
1885 2777 2110 2821 memoriam
2127 2807 2138 2819 .

1407 2896 1500 2938 Lias
1527 2908 1611 2936 rec.
1627 2907 1751 2935 mem.
1769 2894 1899 2937 Paulo
1923 2897 2039 2951 Papae
2058 2899 2112 2937 Vm
2139 2896 2305 2940 Praede-

1436 2952 1573 2996 ceffori
1589 2952 1738 2995 Nostro
1753 2980 1767 3002 ‚
1799 2967 1872 3007 pro
1883 2966 2002 3007 parte
2014 2955 2305 2997 Dileetorum„

1279 3012 1475 3053 Filiorum
1501 3013 1766 3067 superiorum
1783 3013 2139 3054 FratrumOrdinis
2167 3015 2306 3054 Mino-

1280 3083 1369 3112 rum
1394 3071 1526 3113 Sanni
1553 3068 1749 3113 Francisci
1777 3071 2074 3123 Capucinorum
2105 3084 2307 3123 nuncupa-

1279 3137 1415 3171 torum
1433 3130 1539 3172 ultra
1556 3133 1718 3171 Montes
1732 3126 1966 3181 degentium
1984 3129 2178 3181 expolito,
2192 3127 2304 3183 quod

1278 3187 1347 3231 fel.
1365 3202 1448 3231 rec.
1472 3188 1695 3242 Gregorius
1712 3187 1817 3239 Papa
1832 3188 1951 3237 Xlll.
1963 3214 1980 3236 .,
1992 3185 2115 3228 etiam
2143 3186 2305 3232 Praede-

1281 3244 1407 3288 ceffor
1430 3247 1606 3295 Noster,
1636 3254 1682 3286 ut
1698 3270 1711 3292 ,
1739 3242 2076 3298 quandocumque
2104 3246 2303 3286 Sacerdos

1280 3304 1423 3359 aliquis
1452 3304 1631 3360 ejusdem
1647 3300 1816 3343 Ordinis
1833 3299 1983 3344 Missam
2007 3302 2302 3347 Defunctorum

1282 3375 1356 3413 pro
1377 3362 1508 3403 anima
1533 3359 1818 3415 cujuscumque
1836 3358 1987 3401 Fidelis
2002 3388 2016 3411 ‚
2039 3375 2125 3416 quae
2142 3365 2233 3404 Deo
2258 3363 2301 3403 in

1276 3419 1476 3461 charitate
1501 3419 1709 3474 conjuncta
1725 3421 1773 3457 ab
1800 3418 1873 3458 hac
1894 3416 1986 3460 luce
2006 3419 2234 3474 migrasset,
2251 3420 2302 3461 ad

1277 3479 1354 3518 tria
1382 3477 1537 3519 Altaria
1570 3479 1690 3519 trium
1724 3475 1998 3518 Ecclefiarum
2025 3477 2300 3534 cujuscunque

1279 3537 1501 3577 Provincia:
1530 3535 1696 3576 Ordinis
1723 3533 1898 3587 praedisti
1924 3549 1997 3591 per
2022 3536 2148 3578 dictos
2172 3541 2301 3592 Supe—

1278 3594 1402 3635 riores
1416 3592 1655 3647 defignanda
1686 3591 1948 3645 celebraret,
1978 3595 2108 3636 anima
2138 3594 2216 3650 ipsa
2246 3594 2299 3635 de

200 3651 479 3713 niunicationis
502 3658 578 3697 &c-
600 3657 834 3705 censentes,
861 3656 1214 3712 supplicationibus
1279 3653 1486 3693 Thesauro
1512 3649 1699 3693 Ecclefiae
1728 3664 1798 3704 per
1824 3651 1991 3694 modum
2019 3653 2202 3708 Suffragii
2231 3654 2300 3693 ln-

199 3720 284 3760 ejus
309 3713 466 3754 nomine
494 3715 622 3756 Nobis
649 3715 767 3772 super
794 3718 868 3757 hoc
891 3715 1100 3758 humiliter
1128 3727 1212 3767 por.
1273 3710 1522 3764 dulgentiam
1546 3711 1892 3763 consequeretur,
1917 3711 2016 3753 vivae
2032 3713 2139 3753 vocis
2158 3722 2300 3751 oracu-

197 3765 313 3807 ressis
330 3768 529 3822 inclinati,
542 3775 804 3819 Fraternitati
817 3777 929 3827 Tuae,
944 3776 1087 3817 Frater
1103 3770 1210 3827 Epis-

1274 3769 1314 3811 lo
1342 3766 1588 3810 concesserat
1605 3794 1617 3818 2
1643 3768 1682 3808 &
1704 3766 1954 3822 indulserat3
1981 3771 2018 3811 ὃς
2045 3773 2094 3811 ab
2121 3768 2215 3809 inde
2241 3767 2297 3806 ci-

2164 3835 2238 3866 tra
