2716 4082
817 260 1740 358 ISAGOGES
2083 280 2268 358 xxxi

232 378 490 462 raphino
531 377 727 464 Decffi
763 399 905 463 279.
943 400 1104 441 num.
1142 404 1190 459 5.
1213 428 1229 453 ‚
1276 383 1353 448 δ’
1390 405 1596 447 coram
1638 386 1907 453 Buratto
1954 384 2151 474 Decgsl
2180 411 2322 468 251.-

232 492 394 535 num.
439 493 528 534 12.
1917 493 1919 495 ·
2319 491 2325 511 ³

411 565 482 626 In
502 557 839 629 aetio-nibus
858 561 916 626 ἃ
934 561 1118 628 causis
1140 564 1441 641 civilibus,
1462 571 1710 632 Decreti
1734 569 1829 634 seu
1848 575 2170 637 Sententiae
2188 595 2325 635 exe-

230 655 395 719 cutio
422 678 552 720 non
572 656 654 720 ita
689 671 964 744 urgetur,
1002 657 1152 744 quin
1174 654 1378 720 [altem
1400 660 1639 721 dierum
1663 662 2002 750 aliquorum
2034 665 2327 728 terminus

229 745 331 811 {eu
377 745 636 813 induciae
684 749 1148 812 concedantur:
1208 763 1414 833 coepta
1474 766 1670 814 autem
1733 753 1951 816 dicitur
1998 758 2275 819 executio
2312 756 2363 830 ,”

231 840 486 928 quando
533 836 904 903 Mandatum
947 836 1062 902 fuit
1100 838 1430 921 relaxatum
1463 886 1479 911 ‚
1527 855 1625 901 aut
1666 841 1806 903 loco
1845 846 2128 910 Mandati
2163 847 2332 911 fuere·

227 930 525 1017 expeditae
566 929 766 1017 littere
798 931 1158 1003 executivae‚
1190 945 1307 992 ‘aut
1351 930 1518 1014 juxta
1563 928 1780 1017 stylum
1821 936 2027 1008 Rotae,
2069 939 2318 1026 quando

229 1019 341 1085 fuit
370 1021 563 1112 petita
583 1067 596 1081 .
644 1018 840 1110 Decg‘ls
862 1044 940 1102 43
962 1042 1009 1099 5.
1042 1043 1096 1083 n.
1130 1042 1223 1101 14.
1246 1037 1305 1108 p.
1335 1015 1392 1101 4.
1420 1038 1562 1088 tom.
1585 1019 1634 1088 2.
1685 1022 1789 1084 Illa
1821 1043 2016 1088 autem
2050 1028 2322 1118 incepta,

228 1112 414 1177 debet
445 1113 704 1205 procedi
741 1116 819 1177 ad
854 1112 1135 1179 ulteriora
1155 1160 1171 1185 ,
1208 1131 1505 1203 quatenus
1535 1114 1746 1199 litigiis
1779 1113 1917 1183 finis
1950 1118 2331 1206 imponatur:

237 1204 399 1270 Rota
442 1204 636 1286 Decg‘sl
671 1226 810 1287 174.
842 1223 898 1266 n.
925 1226 975 1266 2.
998 1220 1057 1288 p.
1081 1230 1137 1288 9.
1171 1204 1312 1269 tom.
1347 1227 1394 1267 1.
1441 1199 1808 1268 Faetavere
1841 1206 1884 1275 fi
1917 1206 1987 1270 fit
2008 1256 2024 1281 ‚
2060 1212 2329 1274 termino

227 1295 660 1386 appellationis
698 1295 1048 1384 pendente,
1087 1296 1249 1359 nulla
1291 1298 1347 1363 8<
1384 1311 1675 1366 attentata
1713 1299 1918 1365 audit.
1966 1298 2160 1386 Decffi
2186 1309 2328 1381 365.

230 1412 289 1452 n.
320 1412 411 1472 19.
430 1406 490 1473 p.
522 1409 616 1451 1o.
649 1385 726 1456 δέ)
763 1386 961 1470 Decist
985 1408 1133 1472 495.
1168 1411 1224 1455 η.
1260 1398 1359 1454 62.
1384 1406 1442 1472 p.
1471 1412 1530 1468 4.
1562 1405 1705 1458 tom.
1730 1413 1781 1459 2.
1828 1393 1885 1460 &
1923 1393 2166 1480 potiore
2201 1392 2328 1476 jure

225 1482 360 1545 talis
401 1477 658 1545 habetur
688 1530 704 1556 ‚
753 1477 886 1544 casu
934 1503 1062 1573 quo
1110 1481 1443 1568 appellatio
1481 1479 1757 1569 legitime
1797 1481 1930 1564 jam
1956 1481 2112 1548 foret
2147 1487 2330 1548 inter-

229 1570 438 1660 pofita.
465 1570 602 1636 Dec,
632 1594 768 1656 522.
797 1595 854 1638 n.
877 1595 936 1656 7.
969 1569 1046 1640 δέ)
1076 1578 1134 1635 8.
1155 1590 1213 1657 p.
1235 1596 1294 1652 4.
1325 1588 1467 1637 tom.
1495 1575 1594 1636 cit.
1641 1591 1742 1634 aut
1779 1573 1933 1640 facta
1968 1592 2178 1638 contra
2214 1574 2331 1638 for-

228 1689 398 1728 mam
437 1666 721 1741 Decreti,
762 1662 1084 1752 praesertim
1124 1662 1168 1724 fi
1202 1663 1331 1724 haec
1363 1659 1432 1724 fit
1468 1657 1823 1739 eslentialiS‚
1863 1665 1922 1733 &
1954 1687 2086 1730 non
2121 1666 2325 1731 instru-

232 1757 396 1821 &iva
442 1761 685 1826 tantum
721 1804 739 1834 ‚
776 1779 938 1820 ,cum
984 1754 1186 1847 prima
1230 1750 1453 1822 debeat
1500 1751 1720 1820 servari
1770 1757 1850 1819 ad
1893 1768 2179 1843 unguem
2210 1757 2327 1823 De-

234 1850 332 1934 cq'ſs
363 1869 508 1930 340.
543 1870 600 1910 n.
636 1861 797 1934 4.1p.h
821 1866 913 1926 13.
960 1848 1267 1932 Exeeutor
1299 1845 1466 1908 enim
1510 1841 1698 1933 finem
1736 1845 1849 1911 suae
1896 1846 2331 1914 commiffionis

230 1939 524 2004 excedere
560 1957 690 2004 non
726 1931 928 2028 potest
965 1929 1091 2003 fine
1114 1934 1223 2001 suae
1257 1931 1558 2008 facultatis
1590 1934 1776 2008 abusu
1798 1987 1813 2013 ,
1850 1955 2211 2028 teneturque
2247 1960 2330 2005 te-

229 2052 450 2094 norem
492 2030 773 2096 Mandati
805 2030 903 2096 seu
935 2031 1275 2126 Scriptute,
1317 2031 1383 2094 vi
1418 2032 1583 2116 cujus
1625 2032 1905 2119 procedit
1932 2081 1948 2107 ,
1995 2033 2152 2096 intra
2196 2035 2328 2096 {uos

231 2123 529 2188 terminos
568 2120 925 2197 observare,
966 2145 1109 2187 cum
1152 2125 1219 2187 in
1256 2145 1334 2186 eo
1376 2123 1564 2186 Mens
1609 2123 1945 2212 Principis,
1988 2126 2097 2195 vel·
2124 2126 2327 2212 Depu-

231 2215 339 2278 tati
381 2213 452 2280 fit
500 2210 810 2305 expreffa,
858 2215 917 2279 &
954 2214 1204 2284 facultas
1245 2217 1262 2278 i
1297 2213 1428 2286 ,fius
1473 2216 1827 2286 Executoris
1876 2216 2136 2285 restricta
2164 2264 2180 2290 ‚
2227 2241 2329 2305 pa-

232 2324 440 2395 tetque
477 2322 611 2374 tum
656 2307 692 2373 l.
727 2305 1062 2398 diligenter..
1076 2303 1173 2398 ff
1194 2240 1508 2390 sign-dati
1553 2323 1773 2377 tumfc·
1805 2327 1936 2371 cum
1975 2304 2194 2373 dileda
2230 2332 2325 2373 22.

234 2398 305 2464 de
338 2396 632 2483 Rq’fhript.
1446 2403 1449 2406 ⁴

412 2492 718 2556 Executor
743 2493 1147 2560 Decretorum
1177 2492 1261 2556 est
1288 2492 1390 2555 ille
1418 2490 1549 2579 ,ipse
1570 2490 1600 2564 ,”
1621 2491 1728 2577 qui
1761 2511 1830 2557 ea
1865 2490 2186 2564 relaxavit,
2225 2507 2326 2556 aut

233 2581 365 2647 sunt
397 2582 476 2655 ii,
513 2580 731 2672 quibus
763 2585 864 2648 ille
895 2585 1327 2648 executionem
1359 2578 1701 2660 commifit3
1737 2597 2024 2670 patetque
2063 2584 2325 2668 primum

231 2699 307 2740 ex
340 2674 576 2741 ratione
613 2675 964 2761 analogica,
1013 2698 1199 2765 quam
1236 2675 1569 2739 Decretum
1604 2672 1790 2743 habet
1825 2697 1963 2742 cum
1998 2671 2287 2743 sententia
2308 2722 2325 2747 ,
2420 2674 2422 2678 ’

235 2789 423 2857 quam
452 2764 528 2831 ab
563 2764 697 2855 ipso
732 2788 866 2833 eam
906 2766 1136 2835 ferente
1178 2767 1527 2834 executioni
1564 2765 1694 2829 dari
1732 2762 1900 2852 poffe
1935 2762 2325 2832 Reiffenstuel

233 2875 374 2923 tom.
397 2881 448 2921 2.
472 2859 570 2923 tit.
594 2879 691 2939 27.
723 2856 793 2921 de
805 2858 972 2942 ι[ἐντί.
1000 2854 1078 2923 &³
1109 2879 1175 2921 re
1189 2855 1384 2939 judic.
1412 2864 1468 2921 η’.
1500 2864 1573 2923 16
1578 2878 1638 2940 7.
1653 2854 1770 2938 fol..
1799 2855 1953 2920 mihi
1982 2877 2130 2937 404.
2159 2858 2259 2921 col.
2281 2879 2325 2918 1.

232 2968 464 3015 certum
506 2947 835 3042 supponit,
865 2949 923 3011 8(
958 2948 1268 3016 contrariae
1299 2947 1550 3017 rationis
1586 2946 1884 3013 solutione
1931 2946 2151 3033 probat
2180 2973 2197 3019 3
2244 2945 2326 3010 st:-

236 3046 512 3108 cundum
561 3039 764 3110 autem
811 3038 1140 3109 desumitur
1172 3061 1248 3101 ex
1285 3061 1361 3100 eo
1391 3085 1408 3112 ,
1451 3040 1622 3128 quod
1653 3034 1954 3107 Executor
1982 3084 1998 3109 ,
2052 3038 2159 3125 qui
2194 3037 2325 3126 sup-

238 3136 490 3222 ponitur
523 3129 639 3198 effe
673 3130 963 3206 inferior,
986 3130 1255 3217 principi
1276 3128 1374 3197 ,seu
1400 3131 1596 3215 Judici
1633 3127 1954 3216 luperiori‚
1995 3125 2317 3217 praesertim

241 3223 657 3291 Ecclefiastico
679 3272 696 3300 ,
714 3224 965 3294 obedire
985 3238 1256 3291 teneatur
1278 3242 1322 3284 c.
1332 3220 1697 3307 stgnfficcssi
1713 3241 1772 3303 7.
1794 3215 1942 3289 &Q
1965 3238 2008 3282 c.
2030 3216 2313 3302 Pastoru-

242 3319 321 3382 lis
355 3316 424 3382 de
453 3314 590 3401 offic.
624 3314 702 3387 ἑὲ)
729 3316 927 3402 potest.
958 3313 1246 3399 Delegati
1266 3360 1279 3374 .
1314 3307 1439 3380 &a

423 3406 623 3473 Potest
666 3407 726 3469 &
755 3410 1158 3477 Decretorum
1191 3404 1465 3470 executio
1503 3400 1776 3485 restringi
1804 3446 1819 3471 ,
1867 3415 1967 3466 aut
2012 3402 2327 3489 prorogari

245 3501 411 3585 juxta
450 3501 642 3574 illius,
676 3497 783 3585 qui
819 3521 888 3561 ea
926 3497 1187 3570 relaxat,
1237 3493 1545 3563 arbitrium
1589 3493 1646 3555 8<
1687 3491 1960 3564 libitum,
2001 3506 2328 3582 patetque)

246 3592 323 3656 ab
352 3593 639 3682 exemplo
673 3587 928 3655 infelicis
956 3590 1204 3655 Decreti
1223 3635 1239 3661 ‚
1274 3589 1337 3648 in
1368 3581 1645 3648 Paradiso
1683 3598 1893 3645 contra
1925 3580 2158 3644 nostros
2186 3587 2325 3646 Pro-

246 3700 595 3771 toparentes
627 3682 893 3746 emanati
925 3705 943 3752 3
986 3680 1135 3743 dum
1176 3679 1342 3743 enim
1377 3690 1586 3741 contra
1624 3674 1932 3739 Adamum
1979 3672 2038 3734 8(
2083 3674 2325 3825 ἳναὲῃ..

2087 3786 2107 3824 1
2155 3786 2192 3823 u
