2664 4114
861 246 1643 335 Panormitano.

187 366 277 406 dato
291 366 374 404 sac.
389 362 701 416 Congregationis
710 368 784 416 per
785 359 886 417 ficas
901 363 1036 402 literas
1059 362 1204 401 denun-

187 428 312 463 cieret
336 420 379 460 in
401 419 572 462 omnibus
600 420 808 461 Provinciis
835 417 987 460 Ordinis
1010 418 1202 475 ejcbiiones

189 477 447 535 Profcfflrum
467 481 631 533 propria
640 476 772 535 solum
786 475 1019 518 emorita-rc
1043 478 1070 516 ei
1091 480 1208 534 ‚Supe-

188 537 357 578 rioribus
373 536 530 577 oreimis
535 535 629 592 fieri
645 548 717 575 non
726 533 827 590 pofflr
839 560 853 584 ,
867 533 1089 589 &sistant
1105 562 1118 584 ‚
1135 535 1206 592 effi

184 595 265 648 ipso
273 595 368 650 jure
380 595 507 635 nullas
519 619 533 642 2
556 592 694 634 addite
709 593 824 634 etiam
839 594 956 644 poend
962 593 1202 644 privationis

187 651 338 708 Officii,
356 651 404 699 Is'
420 658 519 694 vocis
533 661 614 692 tam
628 649 764 690 affine:
778 677 792 700 ,
815 650 932 702 quem
949 648 1100 706 pafflvae
1121 651 1200 706 ipso

173 710 292 767 salio
312 710 543 752 incurrendo
552 718 626 763 per
646 720 703 749 eos
717 735 733 757 ,
760 708 827 761 qui
848 707 1015 762 deinceps
1042 718 1199 749 contra-

181 767 360 826 fecerim
379 783 435 810 =
449 796 464 819 ,
486 769 524 808 δι
548 767 762 807 consonant
785 764 861 806 alia
889 765 971 807 duo
992 768 1168 807 Decreta
1184 793 1199 815 ‚

187 839 333 881 nempe
345 825 503 868 editum
517 822 584 866 die
602 823 729 877 prima
745 823 995 878 Septembris
1016 827 1135 877 1691.
1156 822 1199 864 in

186 882 429 940 Syracusana
442 881 648 939 ejectionis
663 882 895 925 Sacerdotis
920 882 1077 923 loannis.
1092 881 1200 923 Lati·

185 955 237 984 na
249 938 408 984 Profeffi
424 940 463 981 in
479 938 697 993 Religione
711 939 842 980 Sancti
857 939 1052 982 Francisci
1067 939 1199 981 Mino-

186 1013 272 1041 rum
285 998 337 1041 de
352 995 622 1039 Observantia
639 996 777 1038 dimiffi
803 1011 852 1039 ex
866 996 1070 1039 insanabili
1092 1010 1198 1038 mor-

187 1058 241 1098 bo
260 1055 378 1111 leprae
398 1053 622 1098 inconsulto
634 1055 850 1098 Ordinatio
862 1081 876 1103 ‚
898 1057 935 1096 &
949 1056 1119 1097 alterum
1132 1053 1200 1095 die

188 1128 254 1156 22.
272 1113 522 1169 Septembris
547 1113 666 1167 1691.
697 1114 736 1154 in
761 1117 1001 1154 cameracen.
1027 1111 1198 1165 Ejeffio-

184 1172 248 1215 nis
263 1170 486 1226 Guglielmi
503 1169 691 1212 Lelsviffe
708 1169 867 1212 Prosesfi
892 1169 932 1211 in
956 1168 1197 1210 Monasterio

185 1233 227 1272 S.
245 1227 418 1282 Dionysii
444 1227 608 1269 Ordinis
631 1228 761 1270 Sancti
778 1226 977 1269 Benedicti
1003 1226 1152 1282 pariter
1174 1225 1197 1266 a

185 1285 468 1342 Superioribus
488 1283 710 1338 Religionis
732 1283 947 1326 Ordinario
973 1282 1195 1327 inconsulto

184 1344 302 1400 ejecti
330 1344 381 1385 ob
413 1341 594 1384 assertam
622 1341 730 1398 luem
757 1354 971 1385 veneream
995 1343 1033 1384 &
1059 1351 1195 1384 conta·

185 1400 353 1457 gmssm.

240 1460 400 1516 Qibus
429 1459 482 1502 ita
507 1459 544 1502 se
565 1460 800 1503 habentibus
823 1488 838 1510 ‚
868 1462 1081 1514 peculiaris
1105 1467 1195 1503 tan-

179 1518 264 1561 tum
279 1519 434 1574 quaestio
451 1518 614 1560 videtur
637 1517 782 1562 institui
808 1517 917 1574 posse
939 1525 1051 1575 super
1065 1518 1197 1575 fingu-

179 1577 253 1620 lari
284 1576 504 1619 admodum
547 1576 763 1631 privilegio
785 1606 801 1628 ,
841 1591 921 1632 quo
962 1578 1195 1621 Catanenfis

178 1634 396 1690 Episcopus
421 1634 551 1677 asserit
574 1634 812 1678 decoratum
843 1637 976 1677 Curiae
1005 1636 1078 1678 suae
1104 1635 1195 1676 Tri—

179 1693 300 1735 bunal
317 1720 331 1742 ,
353 1695 391 1734 &
409 1692 520 1746 cujus
533 1691 574 1738 ,vi
590 1692 799 1735 contendit
814 1691 879 1735 fibi
894 1694 1019 1736 licere
1035 1694 1089 1736 de
1102 1692 1194 1735 nul-

179 1752 296 1794 litate
311 1750 565 1794 Profeffionis
579 1751 599 1791 a
619 1752 887 1806 Regularibus
903 1748 1042 1795 emiffae
1068 1761 1188 1795 tam-³

179 1810 428 1851 decurrente
454 1809 724 1863 quinquennio
745 1838 759 1860 ,
781 1810 905 1861 'quam
931 1824 982 1852 eo
1009 1809 1086 1865 jam
1108 1810 1194 1852 ela·

174 1866 276 1924 Psoi
307 1867 416 1908 nulla
442 1867 536 1907 licet
564 1869 612 1907 ab
635 1868 863 1921 Apostolica
887 1868 993 1910 Sede
1021 1868 1059 1908 in
1087 1869 1198 1909 inte-

179 1938 296 1979 grum
312 1923 563 1966 restitutione
578 1923 796 1978 impetrata
809 1949 823 1971 a
836 1924 1078 1979 cognoscere
1093 1953 1107 1976 ,
1124 1927 1196 1967 Su-

178 1982 408 2038 perioribus
423 1980 643 2035 Religionis
658 1982 778 2023 etiam
795 1995 876 2024 non
888 1983 1053 2035 auditisg.
1067 1981 1196 2038 quod-n

178 2053 259 2096 que
280 2040 444 2094 amplius
464 2039 547 2090 est,
577 2041 733 2081 tametsi
752 2039 964 2094 Regularis
989 2041 1009 2082 a
1036 2037 1194 2082 Profes—

179 2099 286 2140 fione
301 2097 521 2139 reclamans
534 2126 549 2147 ‚
567 2110 643 2138 non
662 2098 764 2141 intra
781 2099 973 2141 Dioecesis
996 2099 1064 2141 suae
1079 2098 1194 2150 fines,

179 2156 246 2199 sed
263 2157 303 2197 in
319 2168 556 2211 quacunque
575 2156 698 2197 totius
714 2157 846 2210 Regni
869 2157 1011 2200 Siciliae
1041 2165 1195 2212 par-tea

181 2215 298 2256 illam
318 2211 491 2255 emiserit
505 2240 518 2263 ‚
550 2211 768 2255 dummodo
783 2241 797 2264 ‚
820 2228 940 2269 quum
970 2216 1159 2258 reclamat
1181 2242 1196 2265 ,

179 2274 222 2314 in
241 2271 374 2325 aliquo
389 2268 580 2312 Dioecefis
595 2269 666 2315 suae
682 2271 773 2312 loco
795 2286 846 2314 ex
868 2273 1100 2314 obedientia
1123 2278 1196 2317 Su-

182 2329 387 2385 periorum
406 2326 643 2370 constitutus
657 2330 904 2383 reperiatur.
936 2335 1017 2380 At,
1031 2332 1121 2384 quia
1141 2339 1202 2371 te-

186 2399 262 2429 nor
276 2384 407 2427 asserti
422 2383 535 2439 hujus
548 2385 748 2440 privilegii
767 2401 843 2429 non
860 2386 1074 2429 exhibetur
1089 2416 1103 2437 ‚
1117 2388 1201 2430 imo

186 2444 286 2486 vero
309 2457 438 2496 neque
454 2443 635 2485 exhiberi
658 2442 761 2497 posse
785 2444 1024 2492 affirmatur,
1050 2444 1199 2488 tributi

186 2501 272 2556 ejus
288 2498 441 2555 jactura
459 2500 638 2554 repetitis
653 2504 970 2545 Terraemotuum
996 2506 1035 2545 δι
1056 2506 1199 2546 Incen-

185 2561 346 2602 diorum
370 2556 625 2611 infortuniis,
654 2559 707 2601 ob
733 2575 822 2616 quae'
840 2561 1001 2616 plurimi
1020 2561 1198 2606 Codices

184 2622 342 2661 Catanae
368 2615 556 2672 periere,
583 2618 884 2672 ponderandum
913 2621 995 2661 erit·
1016 2649 1032 2670 ,
1068 2634 1201 2662 num-2

184 2675 348 2730 simplex
369 2674 546 2729 ejusdem
567 2675 771 2730 Privilegii
801 2676 960 2721 affert-io
983 2677 1200 2722 aliunde..-

189 2748 268 2775 non
285 2733 543 2788 comprobata
557 2761 571 2784 ‚
598 2732 651 2776 de
670 2747 749 2789 quo
766 2736 872 2778 nulla
888 2737 1073 2778 haetenus
1095 2735 1202 2790 apud

186 2790 455 2846 Apostolicam
471 2790 618 2832 Sedem
630 2792 808 2846 cognitio
821 2791 949 2842 fuit,&
964 2794 1072 2846 cujus
1090 2806 1206 2833 men-

188 2851 248 2892 tio
274 2845 433 2890 fortasse
457 2847 595 2890 doceri
617 2850 772 2904 nequit,
785 2863 860 2891 nec
876 2853 926 2893 ab
940 2851 1026 2891 ullo
1049 2865 1099 2893 ex
1114 2865 1207 2905 pro-

186 2907 286 2951 batis
303 2907 550 2949 Authoribus
565 2920 741 2961 unquam
758 2909 892 2949 habita
914 2908 997 2964 ejus
1026 2923 1203 2949 momen.-

187 2967 218 3007 ti
235 2965 279 3007 fit
293 2993 306 3015 ‚
327 2964 463 3020 quant-i
480 2965 688 3007 aestimatur
704 2965 753 3006 ab
764 2964 962 3020 Episcopo
975 2965 1205 3008 Catanensi-

246 3026 406 3065 Interea
428 3026 528 3064 vero
542 3050 557 3073 ‚
574 3037 631 3064 vne
658 3021 764 3065 sorte
790 3023 1030 3067 obtrudatur
1042 3052 1060 3074 ι
1082 3036 1206 3078 geue-

191 3080 316 3123 ralem
342 3081 380 3122 iu
395 3082 542 3134 Regno
555 3079 697 3122 Siciliae
714 3081 849 3137 vigere
871 3082 1204 3124 consuetudinem

193 3153 271 3180 non
287 3137 456 3180 adeundi
480 3141 658 3180 sanstam
673 3139 820 3182 Sedem
836 3154 909 3194 pro
922 3140 1139 3182 obtinenda
1164 3140 1204 3179 in

196 3197 397 3251 integrum
420 3196 672 3238 restitutione
695 3197 887 3239 adversus
918 3198 1064 3254 lapsum
1090 3197 1206 3252 quin-

193 3254 354 3309 quennii
370 3283 382 3303 ,
401 3253 548 3307 praestat
567 3254 631 3294 hic
645 3253 856 3297 recensere
870 3255 1014 3299 Causas
1031 3255 1203 3311 plurium

194 3311 489 3365 Religiosorum
504 3307 707 3365 utriusque
731 3312 842 3354 sexus
858 3341 872 3363 ,
894 3315 959 3369 qui
975 3314 1026 3355 de
1046 3312 1206 3354 nullita-

195 3381 238 3411 te
251 3368 506 3412 Profeffionis
530 3367 603 3410 suae
624 3370 765 3410 dieiuri
779 3399 793 3420 ,
821 3372 895 3412 hoc
920 3371 1066 3413 eodem
1089 3371 1206 3414 saecu-

194 3429 238 3470 lo
251 3426 521 3474 decurrente,
538 3429 589 3469 ad
606 3427 871 3480 Apostolicam
887 3428 1034 3471 Sedem
1050 3430 1090 3470 in
1103 3430 1205 3469 hunc

195 3486 316 3528 finem
332 3484 624 3537 reclamarunt,
645 3486 685 3526 &
704 3499 873 3541 quorum
897 3487 1110 3541 petitiones
1127 3484 1210 3526 fue-

196 3558 243 3587 re
263 3545 302 3586 in
318 3546 391 3586 hoc
413 3547 611 3599 Supremo
629 3547 780 3586 Senatu
803 3543 997 3586 divscuffae:
1028 3545 1068 3586 id
1089 3545 1208 3586 nimi-

198 3617 288 3644 rum
311 3603 478 3657 contigit
507 3603 546 3644 in
566 3601 779 3659 Mffznen.
798 3602 1062 3657 Rssitutionis
1084 3607 1127 3644 in
1153 3605 1214 3642 in-

197 3670 349 3716 tegrum
366 3662 561 3715 proposita
579 3660 628 3701 ad
645 3659 867 3702 instantiam
883 3662 947 3702 Fr.
963 3661 1124 3703 Nicolai
1138 3662 1213 3701 Pa-

199 3718 287 3773 gani
313 3718 476 3760 Ordinis
505 3718 776 3760 Eremitarum
795 3721 834 3759 S.
856 3719 1059 3773 Augustini
1086 3717 1213 3759 diebus

200 3778 239 3819 8.
258 3774 363 3820 Maii
388 3775 439 3828 (y
454 3790 518 3819 ει.
534 3776 697 3834 Augusti
719 3776 838 3828 1706.
863 3778 934 3821 lib.
960 3782 1118 3822 Decret-
1142 3777 1212 3824 56·

2065 253 2229 357 169

1256 377 1351 420 pag.
1376 373 1462 417 148.
1491 367 1538 412 ω’
1558 370 1652 419 283.
1679 362 1721 405 in
1739 364 1980 406 Melevitana
1990 361 2068 418 fi’u
2083 365 2283 404 Panormi-

1261 436 1357 465 tana
1376 422 1709 478 Restitutionirin
1734 429 1930 477 integrum
1956 422 2187 476 Fr.Joannis
2206 423 2283 462 Ba-

1266 483 1387 536 ptistae
1410 481 1594 522 Formosa
1622 481 1787 527 Ordinis
1815 479 2124 522 carmelitarum
2152 479 2210 518 die
2236 492 2281 533 9.

1263 540 1419 593 Aprilis
1440 551 1554 588 ¹712·
1580 539 1649 579 tib.
1669 544 1822 580 Dee-ret.
1839 542 1905 581 62.
1914 547 2008 592 pag.
2030 550 2071 577 ιι
2085 551 2119 585 ι,
2139 535 2182 577 in
2209 540 2281 589 Sy-

1261 596 1451 652 racufizna
1470 594 1737 643 Restituuoms
1753 596 1794 634 in
1818 595 2013 650 integrum
2028 595 2182 637 sororis
2199 598 2281 636 An-

1261 668 1317 695 nae
1331 653 1514 695 Antoniae
1527 651 1704 694 Consulo
1720 654 1905 695 Monialis
1921 652 2278 707 S.Antonini,Op-

1261 710 1342 765 pidi
1359 708 1618 751 Francifontis
1632 709 1761 750 diebus
1781 724 1840 763 ¹3·
1856 711 1964 763 ‘Julti
1981 738 1996 761 ‚
2022 711 2074 759 &-
2089 724 2128 764 3.
2143 714 2280 765 Augu-

1247 768 1308 823 sti
1328 779 1447 817 1715.
1472 766 1544 806 lib.
1560 768 1633 814 65.
1652 770 1806 807 Decret.
1826 777 1920 821 pag.
1935 781 2030 822 299.
2045 768 2098 816 ὠ*
2115 783 2134 822 3
2146 779 2210 819 35.
2234 775 2279 809 in

1246 824 1526 879 .Agrigentina
1550 823 1819 879 Restitutionis
1839 825 1881 864 in
1902 829 2096 878 integrum
2116 828 2180 866 Er.
2200 826 2279 867 Ni-

1259 882 1364 924 colai
1391 881 1619 923 Lombardo
1642 881 1808 922 Ordinis
1834 882 1933 923 Min.
1950 882 2121 923 Observ.
2146 883 2278 924 diebus

1266 953 1281 981 1
1295 952 1328 980 1.
1342 940 1534 992 Januarn
1544 967 1558 989 ‚
1575 953 1595 979 2
1603 951 1643 987 5.
1657 937 1822 996 ejusdem
1834 937 1964 996 mensis
1978 966 1992 989 ‚
2017 939 2067 986 ὠν
2080 942 2145 980 28.
2162 944 2277 983 Mar-

1259 998 1311 1040 tii
1331 1010 1374 1047 17
1388 997 1450 1038 16.
1464 997 1532 1040 lib.
1544 997 1615 1038 66.
1634 1000 1892 1051 Daret-pag.
1908 1009 1949 1049 4.
1967 1009 2034 1044 27.
2051 996 2098 1042 ὅ
2118 1011 2208 1052 134.
2233 1002 2277 1038 in

1258 1054 1442 1097 Siculano
1457 1056 1666 1098 Nullitatis
1684 1052 1919 1111 Profefflonis
1938 1055 2003 1095 Fr.
2015 1055 2204 1107 Gregorii
2220 1055 2276 1096 de

1257 1116 1406 1155 Bronte
1420 1112 1584 1154 Ordinis
1598 1112 1805 1158 Minorum
1821 1112 2127 1153 observantium
2145 1112 2274 1154 diebus

1263 1172 1325 1212 18.
1342 1170 1475 1220 Maii,
1499 1170 1552 1219 &u
1569 1182 1635 1221 27.
1659 1168 1771 1224 ‘julii
1793 1171 1913 1220 1726.
1938 1169 2011 1211 lib.
2026 1170 2095 1219 76.
2117 1174 2274 1210 Decrec.

1248 1242 1347 1285 pag.
1361 1240 1457 1278 257.
1478 1229 1635 1283 &385-
1651 1231 1693 1270 in
1713 1229 1988 1271 Panormitano
2008 1226 2276 1284 Restitutionis
2320 1228 2327 1236 ⁴

1253 1295 1295 1329 in
1316 1286 1512 1342 integrum
1544 1287 1700 1329 Sororis
1718 1285 1874 1330 Ursulae
1900 1285 2047 1328 Felicis
2071 1285 2278 1338 Migliacci

1252 1343 1437 1388 Profeffae
1452 1344 1492 1385 in
1505 1345 1747 1387 Monasterio
1761 1345 1939 1388 S.Mariae
1954 1343 2107 1386 Montis
2121 1343 2278 1385 Oliveti

1254 1405 1316 1446 die
1336 1415 1398 1446 to.
1415 1404 1566 1446 Martii
1587 1416 1658 1458 ¹73
1673 1417 1706 1445 1.
1724 1403 1792 1445 lib.
1811 1405 1877 1444 81.
1898 1406 2055 1445 Decret.
2061 1410 2157 1458 pag.
2181 1403 2277 1455 138.

1255 1461 1299 1505 in
1316 1461 1591 1504 Panormitano
1609 1461 1869 1516 Restitutionis
1885 1461 1927 1505 in
1951 1464 2144 1514 integrum
2164 1461 2275 1503 Iose-

1258 1520 1326 1577 phi
1340 1518 1505 1564 Alcello
1521 1519 1688 1561 Prosessi
1704 1521 1743 1561 in
1759 1518 1913 1561 Ordine
1928 1521 2271 1560 Excalceatorum

1255 1580 1309 1621 de
1324 1578 1520 1622 Mercede
1533 1576 1591 1625 die
1611 1592 1672 1627 ¹4·
1693 1576 1844 1620 Martii
1863 1590 1980 1630 1733·
1996 1576 2065 1617 lib.
2082 1579 2150 1618 28.
2166 1577 2276 1618 lit...-

1256 1639 1296 1680 &
1308 1636 1469 1678 demum
1485 1634 1685 1676 novissime
1701 1638 1743 1675 in
1758 1634 2033 1676 Panormitano
2046 1633 2278 1688 Restitutio-

1258 1698 1315 1737 m's
1329 1694 1370 1736 in
1384 1690 1580 1747 integrum
1594 1694 1853 1748 Hieronymae
1864 1692 2024 1735 Andres
2039 1689 2219 1734 Profeffae
2234 1693 2275 1734 in

1256 1751 1499 1796 Monasterio
1513 1750 1742 1793 Sanctiffimi
1757 1751 1976 1794 salvatoris
1997 1750 2188 1792 Civitatis
2205 1753 2278 1793 Pa-

1256 1811 1388 1854 normi
1404 1807 1471 1851 26.
1490 1808 1724 1864 septembris
1739 1813 1836 1851 anni
1855 1822 1899 1859 ¹7
1906 1823 1925 1863 3
1933 1823 1973 1865 9.
1995 1817 2118 1863 nuper
2130 1808 2275 1866 elapst3

1256 1868 1400 1926 quibus
1416 1867 1602 1910 omnibus
1625 1866 1803 1923 apprime
1827 1863 2018 1910 consonat
2044 1865 2278 1921 dispositum

1256 1928 1295 1968 in
1323 1925 1621 1968 Constitutione
1646 1926 1690 1966 de
1715 1929 1868 1968 ratione
1886 1925 2158 1980 pertrafiandi
2181 1954 2195 1975 ,
2227 1926 2276 1972 ἐς

1255 1982 1457 2040 definiendi
1474 1983 1617 2038 Causas
1634 1983 1907 2041 Ecclefiasticas
1928 1989 1970 2026 in
1986 1986 2114 2037 Regno
2131 1985 2275 2025 Siciliae

1255 2043 1366 2086 ultra
1391 2040 1557 2084 Pharum
1572 2041 1596 2085 ὲ
1607 2042 1649 2084 S.
1665 2044 1722 2083 Μ.
1738 2041 1956 2084 Βεηεάὶὲὶο
1972 2044 2090 2083 Xlll.
2110 2042 2177 2082 sub
2203 2056 2279 2083 an—

1256 2114 1352 2144 num
1375 2101 1496 2150 1728.
1522 2099 1652 2141 tertio
1668 2099 1874 2141 Kalendas
1902 2099 2150 2155 Septembris
2179 2113 2274 2154 pro-

1258 2159 1433 2212 mulgata
1450 2187 1465 2209 ‚
1490 2157 1556 2198 ubi
1577 2171 1654 2212 prae
1675 2158 1829 2200 caeteris
1846 2157 2031 2214 expresse
2059 2157 2244 2200 statuitur
2258 2187 2277 2210 ‚

1255 2226 1300 2259 ui
1318 2216 1451 2272 Cousae
1464 2214 1676 2257 Nullitatis
1696 2214 1925 2273 Profefflonis
1939 2226 2022 2258 tom
2034 2225 2139 2267 ante,
2155 2218 2275 2270 qudm

1249 2274 1336 2330 post
1354 2273 1521 2329 elapstem
1540 2273 1842 2327 quinquennium
1857 2275 1911 2314 ad
1923 2275 2098 2315 normam
2124 2274 2274 2314 omnino

1261 2336 1467 2373 Sacrorum
1482 2334 1678 2373 Canonum
1694 2358 1710 2381 ,
1734 2331 1786 2380 ὠ·
1801 2335 1913 2373 Sacri
1930 2329 2093 2374 Concilii
2112 2330 2276 2372 Triden-

1258 2394 1339 2432 tini
1354 2389 1446 2445 Sesti
1464 2400 1529 2436 25.
1550 2388 1593 2428 de
1620 2391 1755 2442 Regul.
1776 2399 1861 2444 cap.
1884 2403 1946 2444 19.
1967 2389 2241 2443 cognoscantur
2258 2417 2274 2439 ‚

1262 2448 1309 2495 ἐς
1327 2449 1586 2488 terminentur
1600 2473 1614 2493 ,
1636 2461 1691 2490 τ,
1708 2446 2046 2501 quemadmodum
2063 2443 2200 2487 videre
2217 2449 2274 2488 est

1262 2509 1301 2547 in
1325 2506 1362 2552 ξ.
1378 2518 1446 2558 32.
1461 2502 1572 2545 dictae
1589 2503 1891 2546 Constitutionis
1904 2505 1942 2545 in
1959 2502 2036 2546 fine
2051 2532 2061 2543 .

1318 2561 1514 2604 Ceterum
1529 2563 1718 2616 praeteriri
1741 2576 1824 2607 non
1849 2562 2002 2610 debet,
2031 2561 2273 2604 hodiernum

1260 2618 1499 2674 Episcopum
1511 2622 1689 2668 Catanae2
1703 2621 1767 2675 qui
1782 2620 1830 2662 ad
1845 2620 2063 2662 Ecclesiam
2080 2622 2178 2661 hanc
2196 2620 2274 2662 fuit

1261 2681 1285 2723 a
1301 2676 1473 2720 Pac‘tenfi
1492 2678 1700 2720 translatus
1716 2678 1782 2719 sub
1796 2677 1915 2720 finem
1931 2682 2022 2719 anni
2042 2692 2155 2733 ¹729·
2168 2705 2182 2726 2
2209 2680 2274 2721 vix

1265 2737 1370 2778 istius
1387 2733 1631 2791 Episcopalis
1647 2736 1761 2778 Sedis
1774 2735 2040 2791 poffeffionem
2055 2738 2244 2791 adeptum
2259 2746 2275 2785 5

1266 2792 1563 2836 controversam
1578 2822 1593 2844 ‚
1618 2807 1735 2848 quam
1763 2795 1830 2835 fibi
1853 2792 1984 2837 asserit
2000 2822 2014 2846 ,
2039 2791 2276 2837 facultatem

1266 2850 1520 2893 concedendi
1535 2851 1822 2895 restitutionem
1840 2853 1878 2893 in
1897 2854 2097 2905 integrum
2111 2854 2275 2907 coepisse

1267 2910 1379 2950 illico
1392 2921 1584 2950 exercere
1596 2938 1612 2958 ,
1626 2910 1685 2950 uti
1701 2909 1917 2965 conjicitur
1933 2923 1983 2951 ex
1997 2911 2126 2951 literis
2141 2911 2187 2952 ab
2204 2913 2273 2952 bac

1269 2973 1390 3010 sacra
1417 2967 1743 3021 Congre-gatione
1757 2967 1807 3008 ad
1821 2967 2007 3010 eumdem
2024 2968 2127 3009 datis
2148 2969 2214 3008 die
2234 2983 2275 3023 9.

1266 3025 1430 3080 Augusti
1453 3029 1569 3078 1732.
1583 3053 1597 3075 ‚
1620 3039 1703 3079 qua:
1717 3025 1766 3066 fic
1784 3026 1930 3066 habent
1951 3041 2005 3064 ε
2026 3027 2276 3079 Quanquam

1266 3081 1502 3138 Sani-*t‘iffimo
1519 3085 1571 3123 D.
1586 3086 1637 3123 N.
1650 3108 1665 3130 2
1690 3082 1742 3132 ὠ·
1754 3082 1842 3124 huic
1857 3087 1897 3124 S.
1914 3088 2098 3136 Congreg.
2116 3086 2279 3124 Concilii

1255 3139 1390 3199 fuerit
1409 3150 1483 3195 pro
1510 3144 1608 3181 certo
1635 3139 1870 3194 affirmatum
1883 3168 1898 3190 .,
1929 3138 2279 3193 Amplitudinemt„

1272 3202 1390 3244 Tuam
1417 3196 1826 3253 nonnullasprotulsse
1840 3202 2053 3239 sententias
2072 3206 2148 3245 pro
2167 3208 2278 3253 prae-

1266 3256 1373 3310 tensa
1397 3255 1580 3297 nullitate
1604 3252 1831 3311 Profefflonis
1843 3254 1987 3311 favore
2004 3253 2278 3310 Religiosorum

1261 3315 1344 3368 post
1359 3312 1525 3368 elapsum
1548 3316 1851 3366 quinquennium
1874 3312 1898 3352 d
1913 3313 1972 3353 dic
1986 3327 2114 3354 eorum
2139 3314 2278 3371 emiffle

1269 3370 1504 3427 Profifflonis
1521 3384 1594 3412 non
1606 3370 1768 3411 obtenti?
1770 3374 1880 3424 prius
1907 3371 1932 3411 a*
1960 3374 1999 3412 S.
2017 3372 2107 3419 Sede
2119 3373 2278 3425 restitu-

1266 3433 1368 3470 tione
1382 3429 1423 3468 in
1447 3431 1645 3483 integrum
1660 3427 1836 3469 adversas
1861 3426 1966 3471 illius
1988 3429 2134 3486 lapfhm
2150 3460 2164 3482 ‚
2193 3446 2279 3472 nec-

1270 3501 1344 3528 non
1360 3484 1599 3541 adseverem
1624 3487 1789 3527 aliorum
1802 3515 1817 3536 ,
1842 3489 1909 3541 qui
1924 3497 2036 3529 extra
2050 3488 2161 3544 istam
2176 3493 2279 3531 Dice-

1269 3544 1375 3598 cefim
1391 3541 1647 3599 Profeffionem
1668 3542 1875 3599 emiserunt
1886 3574 1903 3594 ‚
1918 3555 2052 3586 contra
2071 3547 2280 3604 dstosttio-

1274 3616 1357 3645 nem
1376 3604 1485 3644 sacri
1502 3602 1662 3642 concilii
1681 3602 1925 3652 Tridentini,
1953 3603 2198 3647 nihilominus
2213 3608 2280 3648 be·

1272 3674 1319 3702 ne
1332 3657 1551 3714 vsstmsuit
1565 3659 1778 3700 Sentinati
1793 3664 1895 3710 ἅμα,
1911 3661 1957 3707 {9'
1976 3662 2280 3720 Eminentiffimis

1273 3716 1453 3759 Patribus
1481 3717 1578 3757 hanc
1602 3716 1870 3758 credulitatem
1878 3719 2111 3776 suspendere
2125 3748 2138 3769 ,
2169 3725 2282 3762 donec

1272 3774 1354 3833 ipsa
1378 3776 1421 3821 de
1440 3773 1599 3832 hocstbi
1624 3774 1778 3830 impino
1795 3777 2024 3831 procedendi
2050 3779 2154 3821 modo
2182 3780 2284 3832 apud

2132 3837 2227 3876 hene
