2716 4082
394 296 637 353 xxxlv

320 404 399 455 per
420 387 656 433 biennium
676 397 766 430 non
786 375 902 427 faeta*
920 411 936 433 ,
972 373 1223 426 Ecclesiam
1253 394 1364 427 cum

322 454 607 506 Monasterio
644 452 701 502 ad
732 444 946 499 Mensam
980 445 1366 514 Archiepiscopa-

323 529 414 576 lem
464 526 597 591 pleno
631 527 734 587 jure
783 517 976 576 redire,
1029 515 1212 567 sancit.
1268 519 1366 567 Cle·

321 616 432 647 mens
456 592 592 645 VIII.
624 612 711 641 cum
741 603 838 638 nota
857 625 870 637 .
1301 607 1366 649 19

396 671 452 717 In
488 664 836 716 subventionem
861 659 1059 712 Fabricae
1083 660 1250 712 veteris
1270 663 1367 709 Do-

324 737 426 787 miis
463 740 691 798 Cajetanae
724 733 963 782 licentiam*
999 734 1045 781 in
1092 730 1252 783 diebus
1283 734 1367 780 Fe-

320 808 397 856 stis
430 803 632 875 piscandi
671 802 863 858 concedi
893 838 909 862 ‚
947 801 996 854 <Sc
1034 804 1221 853 lucrum
1257 801 1364 852 inde

319 877 591 945 proveniens
624 875 671 925 in
699 874 871 925 dictam
901 872 1143 926 Fabricam
1172 891 1364 924 conver-

317 951 381 1006 ti,
410 944 635 1014 Episcopo
660 945 723 999 ibi
748 946 1032 996 committit.
1074 943 1217 999 Idem.
1295 963 1356 994 22

389 1022 459 1068 Ex
474 1013 674 1067 Ecclefia
685 1014 866 1066 Domus
882 1017 1217 1084 Conceptionis
1236 1018 1359 1070 B.V.

315 1090 479 1139 Mariae
517 1088 838 1137 Immaculatae
867 1122 883 1145 ,
921 1087 1141 1140 Civitatis
1177 1090 1360 1155 Neapo-

316 1162 446 1217 litan.
481 1164 530 1209 8.
551 1161 785 1228 Reliquias
814 1159 990 1212 extrahi
1023 1158 1236 1226 probibet
1255 1194 1272 1218 ,
1308 1157 1358 1209 ἃ

316 1230 635 1297 prohibitionis
670 1231 853 1297 copiam
883 1228 940 1282 ad
956 1231 1112 1282 valvas
1137 1228 1357 1286 Sacristiae

316 1299 447 1370 affigi
473 1301 662 1351 mandat
678 1338 691 1349 .
728 1301 887 1352 Paulus
910 1300 967 1353 V.
994 1320 1082 1350 cum
1099 1317 1213 1352 nota.
1290 1319 1314 1349 2
1327 1318 1350 1362 3

388 1372 606 1421 Prohibet
642 1372 763 1422 idem
797 1371 856 1422 ad
898 1369 1106 1423 favorem
1142 1370 1355 1427 Ecclefiae

315 1441 495 1492 Domus
515 1445 851 1509 Amalphitanae
863 1478 876 1495 .
892 1440 1006 1492 Idem
1019 1462 1107 1495 cum
1122 1460 1220 1494 nota
1235 1479 1247 1493 .
1291 1461 1357 1506 24

388 1519 599 1564 Domum
619 1515 872 1582 Virginum
892 1548 907 1571 ,
945 1515 1356 1580 Capucinellarum

315 1600 682 1649 nuncupatarum
700 1586 722 1643 ,’
746 1586 792 1633 in
809 1581 1150 1639 Monasterium
1170 1585 1355 1634 Monia·

314 1657 431 1705 lium
454 1657 646 1706 Ordinis
676 1674 785 1706 cum
816 1657 1238 1707 communicatione
1267 1656 1357 1722 pri-

313 1728 596 1796 vilegiorum
643 1726 693 1779 ὅ(
729 1725 811 1777 sub
853 1725 1081 1802 gubernio
1113 1726 1356 1782 ordinarii

315 1802 432 1866 erigi
464 1798 681 1848 mandat.
720 1797 1082 1866 GregoriusXV.
1286 1814 1348 1860 25

369 1874 438 1919 Ex
454 1870 676 1919 Sacristiis
690 1868 1039 1922 &Bibliothecis
1062 1864 1354 1936 utriusq;Do-

313 1938 990 1995 mfisCivitatisSveffaeCalices
1011 1939 1104 1994 &a
1119 1955 1199 1994 aut
1211 1938 1354 2008 respe-

315 2012 437 2061 ctive
457 2012 598 2061 libros
614 2013 789 2065 extrahi
805 2011 1030 2079 prohibet.
1050 2010 1116 2065 Id.
1131 2030 1219 2064 cum
1231 2020 1348 2065 καθ’

385 2087 589 2134 Decreto
609 2087 712 2135 Sac.
738 2086 917 2151 Congr.
935 2080 1085 2150 Episc.
1108 2081 1155 2134 ὅ(
1176 2084 1346 2151 Regul.

316 2156 374 2204 In
408 2158 607 2206 Decreto
638 2152 694 2207 de
719 2152 1009 2211 nominibus,
1042 2153 1091 2205 &
1121 2152 1344 2207 defiderio

311 2241 477 2274 eorum
504 2260 521 2283 ,
568 2226 646 2291 qui
677 2223 737 2278 ad
769 2228 815 2273 S.
844 2223 1046 2274 Ordines
1076 2227 1345 2292 promoveri

310 2297 479 2350 volunt
502 2330 519 2356 ‚
556 2296 602 2344 in
642 2294 842 2348 Ecclesia
876 2296 903 2343 a
937 2297 1144 2350 Parocho
1182 2314 1347 2363 propo-

311 2366 473 2417 nendis
490 2402 505 2424 ,
541 2385 593 2418 ac
617 2366 674 2421 de
706 2384 867 2419 corum
892 2366 1116 2421 natalibus
1141 2365 1190 2422 &
1207 2369 1347 2420 mori·

312 2437 396 2489 bus
424 2437 737 2506 inquirendis,
765 2455 848 2486 nec
865 2441 1044 2487 Fratres
1071 2437 1242 2492 nostros
1257 2444 1349 2491 Re-

313 2511 393 2577 gni
428 2508 767 2579 Neapolitani,
806 2525 888 2557 nec
935 2510 1049 2557 alios
1090 2512 1346 2578 Regulares

313 2579 638 2646 comprehendi
673 2578 947 2633 declaratur.
980 2598 1069 2628 cum
1095 2596 1209 2630 nota.
1282 2600 1345 2639 27

384 2650 546 2704 Libros
584 2651 610 2698 ὲ
630 2652 769 2717 Joan.
807 2649 1004 2718 Baptista
1033 2653 1351 2706 Centuriones

314 2720 607 2773 Bibliothecae
639 2722 817 2771 Domfis
841 2723 1173 2792 Conceptionis
1202 2726 1350 2776 Beatae

313 2793 524 2861 Virginis
556 2794 719 2842 Mariae
766 2793 945 2848 relistos
972 2829 988 2851 ,
1025 2791 1074 2846 &
1112 2792 1210 2844 usui
1244 2798 1347 2844 Fra·

310 2877 438 2915 trum
457 2898 472 2920 ‚
509 2882 562 2912 ac
589 2863 761 2928 Ordini
790 2882 881 2914 non
913 2878 1222 2932 competentes
1254 2883 1350 2932 per-

311 2935 485 2984 mutari
511 2935 749 2993 concedit,
778 2954 830 2984 ac
859 2937 972 2989 alios
999 2933 1117 2985 factal
1141 2954 1351 2987 commu-

312 3008 485 3056 tatione
531 3007 704 3055 extrahi
737 3004 830 3058 ὅτε.
877 3005 1158 3076 Apostolicis
1197 3008 1347 3077 poenis

310 3091 469 3130 cavet.
510 3075 710 3133 Urbanus
737 3076 867 3131 VIII.
1279 3082 1343 3132 28

383 3150 519 3200 Onus
553 3150 716 3217 Legati
741 3150 838 3207 Pii,
868 3149 895 3201 a
928 3153 1004 3203 Fr.
1024 3154 1347 3205 Bonaventura

314 3219 624 3286 Ciampolillo
647 3257 662 3279 ,
688 3234 791 3271 ante
821 3221 1078 3289 Religionis
1097 3219 1346 3291 ingreffum

313 3305 399 3355 pro
429 3289 638 3343 dotandis
675 3294 721 3345 in
747 3294 895 3347 Terra
920 3295 1125 3348 Zuncoli
1149 3294 1347 3349 decem

315 3359 483 3409 Puellis
512 3361 654 3413 relid'ti
673 3397 689 3419 ,
722 3365 767 3416 in
799 3363 1011 3419 favorem
1045 3365 1216 3419 Fratris
1233 3367 1349 3415 Ger·

315 3429 473 3487 mani,
497 3427 544 3480 &
571 3431 756 3487 haeredis
778 3470 793 3491 ,
822 3438 868 3486 in
889 3450 1205 3504 paupertatem
1223 3436 1350 3487 reda-

317 3499 380 3548 sti
410 3500 604 3552 remittit
630 3537 646 3559 ,
684 3502 732 3553 ὅ(
763 3519 853 3558 tres
880 3507 1011 3559 dotes
1045 3506 1223 3561 duabus
1254 3513 1350 3567 ejus

318 3569 519 3620 Filiabus
545 3574 764 3639 applicari
790 3576 1024 3648 indulget,
1063 3578 1208 3631 Idem.
1285 3598 1351 3640 29

390 3643 447 3694 In
467 3643 690 3693 Oratorio
714 3647 897 3711 privato
926 3650 1107 3703 Domus
1128 3652 1351 3719 VillaeJo—

316 3708 439 3779 sephi
469 3714 648 3778 Capelli
671 3748 686 3771 ,
724 3717 959 3769 Fratribus
995 3720 1055 3770 ibi
1085 3719 1345 3789 hospitanti·

318 3781 400 3830 bus
422 3779 607 3831 Missam
633 3784 888 3837 celebrandi
920 3785 1193 3850 facultatem.
1210 3794 1349 3860 largi-

316 3866 423 3910 tur,
454 3870 545 3903 non
573 3851 772 3906 obstante
805 3856 1005 3909 clausula
1040 3861 1096 3911 de
1126 3861 1349 3926 unerisf

876 240 1942 348 ELENCHvS;

1425 374 1471 427 sa
1503 376 1746 428 dumtaxat
1775 376 1980 445 quotidie
2012 374 2311 427 celebranda.
2352 373 2469 427 Idem

1427 466 1516 499 cum
1533 464 1632 497 nota
1643 485 1655 497 .
2397 467 2422 511 3
2433 467 2462 497 o

1498 523 1576 569 Fr.
1596 518 1887 569 Bernardum
1917 518 2159 585 aNeapoli
2176 554 2192 578 ‚
2229 536 2312 587 pro
2337 537 2468 588 expe-

1425 588 1596 639 ditiore
1634 590 1971 658 praedicationis
2007 587 2158 639 studio
2208 590 2264 639 ab
2300 587 2468 639 officiis

1426 661 1686 732 Religionis
1702 663 1883 713 eximit.
1925 659 2042 710 Idem
2062 678 2150 709 cum
2164 675 2263 710 nota
2275 696 2288 710 .
2399 680 2424 722 3
2440 680 2461 710 1

1498 733 1590 784 Pro
1603 732 1864 800 amplianda
1877 737 2038 784 Domo
2053 732 2168 780 Loci
2182 732 2361 780 Montis
2377 732 2413 779 F
2419 750 2467 782 u-

1425 799 1536 852 scoli
1560 803 1738 870 petium
1757 818 1886 854 terrae
1901 840 1918 863 ,
1947 802 2006 852 ad
2021 799 2466 853 Confraternitatem

1423 875 1508 923 88.
1530 870 1711 940 Rosarii
1736 873 1801 925 ibi
1827 873 2027 944 spectans
2049 875 2270 931 alienari,
2306 870 2466 924 &alio

1421 945 1721 1011 aequivalente
1752 942 2036 1016 compensari
2068 944 2310 996 concedit.
2348 941 2466 993 Idem

1420 1033 1510 1063 cum
1539 1029 1665 1065 nota.
2063 1029 2065 1032 ⁴
2394 1033 2455 1078 32

1492 1087 1691 1139 Litteras
1729 1083 1829 1136 suas
1855 1119 1872 1144 ,
1921 1084 2086 1151 quibus
2125 1084 2464 1136 concordiam..

1420 1158 1508 1208 ΡΡ.
1528 1159 1735 1210 Servitas
1770 1159 1890 1208 inter
1908 1184 1925 1194 ·
1941 1155 1992 1208 <St
2025 1157 2258 1206 Moniales
2278 1158 2463 1223 Neapo-

1418 1229 1454 1277 li
1491 1229 1612 1278 circa
1641 1228 1950 1279 haereditatem
1971 1226 2243 1296 Justinianae
2270 1226 2328 1276 de
2352 1230 2463 1277 San-

1456 1317 1505 1357 ro
1536 1298 1585 1351 δε
1610 1302 1799 1362 Joannae
1825 1303 1921 1366 ejus
1940 1299 2078 1362 *Filiae
2110 1298 2272 1349 initam
2297 1313 2463 1367 appro-

1417 1316 1549 1425 {avit
1573 1407 1590 1430 ,
1631 1369 1879 1423 confirmat
1902 1406 1919 1430 ,
1967 1369 2234 1437 dictamque
2266 1385 2458 1419 concor-

1417 1441 1543 1495 diam
1569 1459 1661 1493 non
1683 1440 1889 1496 obstante
1916 1439 2208 1510 expositionis
2232 1441 2463 1490 alteratio·

1417 1531 1472 1562 ne
1504 1515 1765 1565 executioni
1802 1512 2009 1581 mandari
2042 1546 2057 1566 ‚
2095 1508 2460 1579 Archiepiscopo

1419 1580 1482 1632 ibi
1514 1586 1772 1634 committit
1789 1622 1802 1634 .
1842 1583 2107 1636 Innocentius
2127 1581 2197 1633 X.
2396 1598 2419 1643 3
2429 1598 2452 1643 3

1489 1657 1702 1705 Domum
1730 1653 1778 1708 ὅ(
1799 1658 2010 1709 Hortum
2039 1653 2240 1706 libertati
2274 1649 2457 1704 Domus

1418 1727 1633 1777 Fratrum
1673 1728 1881 1779 Surrenti
1918 1722 2199 1776 officientem
2249 1727 2340 1773 emi
2376 1748 2392 1784 ·,
2431 1724 2460 1772 a

1414 1793 1552 1846 censu
1572 1813 1723 1846 annuo
1736 1832 1754 1855 ,
1790 1798 2016 1865 Capitulo
2035 1794 2246 1849 Ecclesiae
2267 1800 2460 1846 Surren-

1414 1868 1518 1917 tinae
1550 1866 1738 1925 debito,
1766 1867 2052 1936 pra-statione
2069 1867 2178 1932 justi
2202 1868 2338 1934 pretii
2365 1867 2457 1916 exi-

1411 1940 1513 1998 mi3
1542 1957 1594 1988 ac
1612 1940 1814 2005 pretium
1841 1940 1885 1989 in
1913 1940 2197 2007 emptionem
2217 1937 2454 1990 bonorum

1407 2007 1636 2060 stabilium
1651 2006 2001 2060 fructiferorum
2020 2008 2077 2059 ad
2095 2005 2307 2058 favorem
2320 2010 2453 2056 Men·

1407 2078 1463 2132 sae
1483 2082 1764 2149 Capitularis
1785 2081 2028 2140 converti,
2063 2077 2302 2130 concedit.
2339 2079 2449 2128 Ale-

1405 2153 1566 2205 xander
1591 2149 1700 2205 VII.
2380 2168 2445 2214 34

1488 2228 1691 2276 Decreto
1729 2227 1980 2274 Sacrorum
2032 2222 2130 2274 Rit.
2171 2225 2443 2292 Congrega·

1406 2297 1560 2353 tionis,
1578 2298 1833 2351 Decretum
1859 2294 1917 2346 de
1946 2312 2038 2346 non
2058 2295 2324 2362 exponenda
2350 2300 2450 2344 Sta-

1407 2381 1512 2424 tua,
1548 2366 1626 2416 seu
1654 2367 1944 2416 Simulachro
1964 2366 2219 2419 &Antonii
2235 2367 2449 2416 Patavini

1408 2441 1454 2491 in
1473 2437 1656 2491 Habitu
1674 2439 1917 2505 Capucino
1939 2454 2027 2505 pro
2043 2463 2078 2474 ·-
2098 2434 2146 2487 ἃ
2171 2437 2217 2485 in
2236 2434 2331 2486 sola
2347 2439 2449 2486 Me-

1409 2510 1691 2576 tropolitana
1733 2509 1952 2561 Civitatis
1987 2508 2210 2578 Neapolis
2247 2507 2446 2578 intelligi

1409 2579 1572 2632 debere
1590 2579 1851 2631 declaratur
1870 2616 1883 2629 .
1914 2597 2004 2628 cum
2026 2595 2122 2630 nota
2136 2613 2149 2627 .
2377 2598 2401 2641 3
2412 2596 2438 2641 5

1484 2656 1687 2702 Decreto
1718 2655 1820 2705 Sac.
1847 2655 2088 2720 Congreg.
2110 2648 2263 2718 Episc.
2289 2648 2337 2701 ὃ(
2360 2654 2446 2699 Re·

1409 2724 1561 2793 gular.
1589 2722 1773 2777 Ereffio
1801 2720 2009 2790 Hospitii
2042 2726 2087 2772 in
2117 2722 2222 2771 loco
2257 2723 2439 2773 Puteoli

1410 2792 1676 2845 conceditur
1698 2831 1711 2844 .
1739 2812 1827 2844 cum
1850 2810 1947 2843 nota
1966 2829 1978 2845 .
2383 2792 2447 2842 ibi

1482 2869 1681 2915 Decreto
1699 2869 1948 2918 Sacrorum
1964 2866 2164 2919 Rituum
2177 2867 2448 2934 Congrega-

1411 2938 1546 2989 tionis
1580 2935 1914 2990 Proceffionem
1945 2953 2052 2985 cum
2085 2938 2249 2986 Statua
2282 2943 2330 2986 S.
2352 2944 2449 2985 An-

1410 3008 1524 3058 tonii
1544 3007 1773 3060 inHabitu
1792 3008 2054 3076 Capucino,
2065 3008 2310 3055 Dominica
2325 3003 2443 3056 infra

1407 3078 1619 3132 octavam.
1646 3081 1691 3132 in
1706 3079 1917 3133 Civitate
1933 3074 2186 3132 Theanenfi
2206 3074 2304 3128 fieri
2324 3074 2446 3144 poffe

1408 3147 1633 3203 sancitur.
2376 3164 2443 3210 37

1479 3226 1682 3272 Decreto
1700 3223 1845 3271 Sacrae
1864 3220 2257 3290 Congregationis
2275 3221 2447 3271 Conci·

1407 3293 1458 3347 lii
1488 3293 1721 3358 Quartam
1753 3294 2039 3343 Canonicam
2068 3309 2124 3340 ex
2159 3292 2235 3359 pio
2266 3292 2444 3359 Legato

1411 3362 1646 3419 Fratribus
1658 3364 1872 3418 Nuceriae
1888 3365 2185 3433 paganorum)
2205 3380 2314 3410 cum
2343 3379 2445 3410 one-

1410 3453 1458 3486 re
1476 3432 1717 3486 Missarum
1737 3435 1897 3485 relifto
1917 3469 1934 3493 ,
1961 3432 2190 3505 Episcopo
2209 3450 2299 3482 non
2314 3432 2447 3481 debe·-

1411 3508 1480 3565 ri,
1516 3505 1777 3557 declaratur
1798 3544 1812 3563 .,
1849 3525 1936 3558 cum
1953 3521 2078 3559 nota.
2377 3502 2443 3553 ibi

1483 3581 1685 3628 Decre‘to
1709 3581 1811 3630 Sac.
1825 3582 2111 3647 Congregat.
2130 3571 2279 3642 Episc.
2292 3572 2339 3624 ἃ
2357 3578 2444 3623 Re·

1409 3650 1561 3720 gular.
1594 3652 1788 3700 Novam
1814 3654 2025 3704 Domum
2054 3648 2274 3698 Civitatis
2304 3649 2440 3716 Mag·

1409 3721 1582 3770 dalonii
1614 3718 1804 3771 instante
1847 3715 2239 3774 Excellentiffimo
2277 3720 2443 3767 Duce,

1409 3794 1524 3860 erigi
1555 3790 1851 3845 conceditur.
2375 3793 2439 3850 38

1480 3867 1678 3914 Decreto
1696 3866 1823 3915 Sacr.
1842 3865 2131 3933 Congregat.
2160 3857 2370 3929 Episcop.
2392 3859 2441 3913 ὅς

2306 3931 2394 3972 Re-
