2664 4114
398 219 503 277 10

1137 182 1669 273 ProvIncia

329 307 363 349 ti
393 308 576 364 praedidla
609 305 740 349 facere
758 300 1066 352 recusaverint,
1090 312 1132 343 ac
1161 302 1363 359 quibusvis
1423 304 1474 348 ad
1507 306 1679 347 verbum
1708 298 1897 357 expressis
1928 300 2155 351 habentes,
2186 301 2324 347 harum
2353 301 2459 346 serie

331 367 616 422 Superioribus
634 393 648 415 ,
675 368 712 406 &
730 360 937 412 Praelatis‚
968 375 1017 405 ac
1043 360 1247 416 quibusvis
1275 363 1364 406 aliis
1423 363 1667 418 derogamus
1685 390 1698 403 .
1733 359 2035 417 Volumusque,
2065 370 2111 402 ut
2137 363 2299 418 quoties
2316 362 2460 410 litetae,

329 425 509 480 personis
526 453 539 475 ,
556 439 607 466 ne
620 427 702 465 Vos
717 452 731 472 ,
748 419 813 461 vel
830 418 879 460 lic
893 421 1043 462 eleetos
1058 447 1072 470 ,
1085 422 1122 462 &
1137 421 1366 478 requisitos,

331 486 399 528 seu
432 497 504 539 pro
534 495 720 538 tempore
735 477 949 534 eligendos
965 504 979 527 2
997 480 1114 533 super
1136 479 1331 534 praemiffis
1351 506 1366 527 s

333 543 401 586 vel
427 554 565 584 eorum
579 543 739 595 aliquo«,
756 538 909 588 verbo,
933 536 999 579 vel
1012 535 1120 581 ‘facto
1142 539 1370 589 molestare,

335 602 555 656 pertubare
579 628 591 649 ‚
621 612 666 639 ac
697 595 928 651 inquietare
951 596 1242 654 quoquomodo
1272 611 1370 654 prae-

334 660 511 703 sumant.
544 661 637 698 Non
668 655 913 697 obstantibus
938 655 1171 711 praemiffis,
1201 670 1246 698 ac
1279 657 1368 698 aliis

335 715 578 771 Apostolicis
610 714 977 756 Constitutionibus
1006 743 1020 766 ,
1059 718 1099 757 &
1124 715 1367 758 Ordinatio-

335 779 453 820 nibus
476 802 490 824 ,
534 773 707 815 Statutis
730 801 745 823 ,
788 772 1160 817 Consuetudinibus
1186 800 1200 821 s
1242 773 1367 816 Ordi-

336 839 374 877 ni
401 861 416 884 ,
455 846 501 874 ac
532 832 780 874 Monasterio
810 832 998 885 praedicto
1024 861 1039 883 ,
1082 848 1128 875 ac
1160 833 1246 876 aliis
1280 835 1368 874 Mo·

334 891 520 933 nasseriis
545 916 560 938 ,
599 892 639 931 &
671 890 889 932 Ordinibus
933 891 1192 948 pra-fatorum
1229 893 1371 946 Regu-

336 951 479 994 larium
504 948 721 1001 concessis,
753 948 1002 993 confirmatis
1019 978 1033 1000 ,
1064 965 1109 993 ac
1138 952 1337 993 innovatis
1356 977 1371 1000 ,

340 1024 387 1052 ac
414 1008 983 1057 statutis,&ordinationibus
1000 1007 1138 1060 faeiis,
1162 1024 1205 1053 ac
1220 1006 1373 1051 facien-

338 1069 401 1112 dis
438 1070 477 1109 in
512 1068 714 1122 Capitulis
746 1068 1006 1124 generalibus
1042 1069 1137 1110 dieti
1165 1067 1335 1110 Ordinis
1357 1096 1372 1119 ,

1426 422 1656 473 indultum,
1681 422 1721 463 δ(
1746 419 1945 463 concessio
1966 418 2191 475 hujusmodi
2215 435 2465 465 revocaren-

1427 491 1523 528 tur,
1555 482 1677 523 toties
1707 479 1762 522 de
1793 493 1901 522 novo
1931 476 2117 522 conceffae
2150 478 2465 536 intelligantur,

1428 541 1470 581 &
1495 539 1569 580 fint
1584 565 1598 587 ,
1620 541 1660 580 &
1681 539 1749 584 sub
1777 536 1976 595 quibusvis
2005 539 2330 582 revocationibus
2345 569 2359 592 ,
2392 539 2468 581 de-

1428 597 1733 653 nogationibus,
1763 599 1804 642 &
1832 597 2040 640 ordinibus
2082 611 2162 639 non
2193 600 2467 654 comprehen-

1429 656 1602 706 dantur,
1629 655 1694 698 sed
1725 657 1774 698 ab
1797 655 1879 699 illis
1895 657 2062 699 omnino
2092 655 2252 712 penitus
2268 666 2468 711 exempta

1429 714 1532 766 sint,
1556 716 1596 756 &
1620 713 1699 756 effe
1725 714 1982 757 censeantur.
2013 719 2163 759 Datum
2194 717 2330 760 Romae
2357 713 2468 770 apud

1429 775 1617 818 Sanctum
1636 775 1806 816 Petrum
1833 772 1900 816 sub
1915 774 2079 817 Annulo
2095 773 2308 817 Piscatoris
2337 775 2415 815 Die
2427 786 2470 814 x.

1430 834 1674 875 Decembris
1694 847 1743 874 M.
1760 849 1803 875 n.
1817 845 1946 876 xxxvi
1960 846 1974 876 t
1987 848 2021 876 t.
2040 830 2306 877 Pontificatus
2328 830 2471 876 Nostri

1428 894 1549 934 Anno
1577 893 1761 949 Qarto.

1491 1010 1618 1052 Breve
1639 1007 1768 1064 form.
1796 1010 1839 1049 in
1866 1008 1978 1052 Arch
2023 1009 2292 1061 Montanum,
2320 1010 2366 1052 de
2398 1021 2476 1065 quo

1550 1067 1739 1112 Authent.
1760 1068 1931 1123 Exempl.
1955 1065 1999 1107 in
2025 1067 2144 1108 Arch.
2166 1070 2353 1109 Generale·
2376 1068 2476 1109 ord.

337 1127 509 1183 quibus,
539 1127 716 1168 omnium
736 1156 751 1179 ,
778 1128 819 1168 &
842 1141 1173 1184 quarumcunque
1199 1127 1373 1181 scriptu-

338 1201 474 1228 rarum
490 1214 503 1237 ,
520 1185 585 1229 hic
611 1186 665 1227 de
682 1185 916 1228 necestitate
933 1187 1293 1242 exprimendarum
1313 1194 1377 1229 te·

340 1260 460 1290 nores
487 1259 560 1301 pro
584 1245 706 1301 plene
720 1273 733 1296 ,
752 1259 797 1287 ac
810 1244 1053 1289 sufficienter
1070 1275 1085 1299 ,
1109 1261 1156 1290 ac
1177 1246 1230 1288 de
1251 1246 1376 1289 verbo

1116 1365 1698 1429 NOTA.

340 1501 510 1589 LEges
529 1503 564 1539 8(
589 1501 759 1550 aequitatis
783 1502 818 1538 8(
840 1499 1059 1546 gratitudinis
1082 1502 1216 1540 violare
1245 1501 1414 1539 censerem
1429 1530 1438 1545 ‚
1465 1504 1488 1539 fi
1513 1505 1631 1541 laudes
1664 1501 1778 1540 Matiae
1802 1503 1986 1550 praelibatae
2003 1525 2016 1546 ,
2039 1502 2096 1539 cui
2122 1502 2157 1539 &
2184 1503 2381 1540 Laurentiae
2410 1507 2478 1539 noi

456 1564 531 1586 rnen
561 1552 619 1587 alii
659 1553 714 1587 vel
745 1561 953 1598 apponunt,
986 1552 1042 1585 vel
1068 1551 1247 1597 proprium
1283 1552 1318 1587 8(
1344 1552 1484 1589 unicum
1512 1561 1651 1594 tenent,
1679 1554 1787 1588 Bullae
1810 1553 1890 1589 huic
1914 1550 2115 1588 subneaere
2141 1553 2351 1597 negligerem
2376 1563 2387 1586 t
2411 1551 2475 1588 de-

340 1601 388 1636 dii
416 1601 505 1638 enim
524 1601 581 1635 illa
603 1602 636 1634 in
663 1600 984 1647 Parthenopeniium
1005 1599 1160 1645 emporio
1185 1601 1359 1636 fratribus
1380 1601 1501 1637 nostr1s
1524 1601 1670 1645 primum
1691 1600 1916 1636 diversorium
1933 1626 1946 1644 ,
1970 1601 2004 1636 8(
2025 1600 2157 1637 Ordini
2185 1602 2330 1648 primum
2358 1601 2476 1636 Parte·

339 1661 495 1691 nonem,
517 1649 575 1685 seu
599 1648 739 1694 primam
770 1649 976 1685 Monialiutn
1001 1647 1255 1692 Capucinarum
1278 1651 1409 1694 prolem
1428 1675 1437 1685 .
1466 1653 1525 1685 An
1549 1650 1651 1686 fucrit
1679 1649 1846 1684 Catfllana
1865 1661 1907 1684 ex
1930 1660 2010 1685 ortu
2025 1672 2037 1692 ,
2065 1651 2123 1684 vel
2146 1661 2193 1686 ex
2220 1650 2392 1686 Familia?
2417 1648 2477 1684 di-

340 1698 492 1744 sceptant
524 1697 702 1744 scriptores
722 1721 735 1741 ‚
769 1709 840 1734 earn
868 1708 981 1733 tamen
1001 1696 1124 1744 joanni
1158 1698 1379 1733 Cancellario
1407 1697 1522 1742 Regni
1559 1696 1780 1734 celeberrimo
1797 1722 1809 1740 ‚
1835 1697 1941 1734 Sacro
1966 1697 2140 1733 connubio
2165 1697 2319 1744 junaam
2348 1695 2476 1739 fuisse,

340 1747 532 1783 concordes
555 1746 705 1781 scribunt
720 1771 730 1782 .
758 1746 810 1782 Ex
837 1757 970 1782 veneno
994 1745 1046 1781 illi
1074 1745 1244 1782 malitiose
1265 1746 1299 1782 8(
1324 1746 1358 1781 in
1378 1746 1498 1782 odium
1518 1746 1604 1782 datae
1629 1744 1852 1781 correctionis
1879 1746 2063 1793 propinato
2079 1769 2092 1789 ,
2120 1758 2160 1782 ac
2183 1758 2230 1784 ex
2260 1747 2374 1782 nervis
2397 1744 2478 1795 inde

339 1794 526 1831 contraffls
549 1792 654 1830 libere
677 1806 754 1830 cum
777 1796 926 1841 amplius
947 1793 1108 1831 incedere
1133 1805 1201 1830 non
1223 1796 1381 1838 valeret,
1404 1795 1448 1831 ad
1468 1794 1707 1831 sanctuarium
1731 1793 1962 1830 Lauretanum
1990 1805 2053 1839 pro
2075 1796 2316 1834 recuperanda:
2340 1795 2479 1832 Sanita-

340 1844 383 1879 tis
405 1843 573 1880 beneficio
594 1843 627 1878 se
652 1845 782 1888 portari
800 1843 913 1890 juffit,
944 1843 1136 1880 Exaudivit
1159 1854 1300 1891 quoque
1317 1844 1489 1880 Dominus
1512 1844 1548 1880 in
1572 1845 1650 1879 loco
1676 1841 1894 1878 habitationis
1917 1842 1982 1877 suae
2006 1852 2122 1888 precoe
2150 1843 2245 1879 illius
2258 1856 2272 1884 ς
2299 1842 2364 1879 vix
2382 1841 2475 1878 euim

342 1892 509 1929 Sacerdos
525 1916 537 1936 ,
565 1891 726 1928 omnibus
747 1893 913 1937 ignotus,
939 1893 1060 1929 Sacras
1081 1891 1258 1929 accerserat
1272 1893 1382 1933 Aras,
1409 1893 1444 1928 &
1469 1891 1696 1937 Evangelium
1717 1890 1759 1926 de
1786 1890 1970 1932 Paralitico
1995 1891 2127 1926 Sanato
2153 1891 2282 1936 legerat
2301 1915 2311 1928 .
2335 1890 2368 1927 se
2392 1899 2473 1926 toto

343 1951 490 1987 corpore
512 1943 637 1978 Sanam
662 1943 780 1977 mirata
798 1941 846 1978 est
861 1967 871 1977 .
900 1941 1029 1978 Redux
1056 1941 1262 1988 Neapolin,
1286 1950 1326 1976 ut
1348 1951 1480 1987 gratam
1505 1942 1538 1977 se
1565 1943 1644 1976 Deo
1668 1939 1868 1983 exhiberet,
1899 1938 1988 1975 Viro
2013 1938 2182 1975 defuneto
2203 1964 2217 1983 ,
2252 1949 2381 1987 partem
2409 1938 2477 1977 suae

345 1990 534 2031 lubstantiae
549 2000 714 2036 pauperes
729 1992 814 2026 inter
835 1987 910 2026 -8c
930 1988 1004 2037 pias
1018 1989 1133 2026 causas
1146 1989 1380 2036 dispensavit,
1405 2003 1445 2026 ac
1467 1988 1711 2027 lncurabilium
1727 1988 1908 2036 Hospitale
1928 1988 1975 2024 ibi
1998 1986 2154 2024 fundavit
2169 2015 2179 2031 ,
2206 1989 2239 2024 in
2264 2001 2336 2036 quo
2362 1987 2479 2024 Habi-

342 2049 379 2074 tu
407 2038 519 2075 Tertii
542 2037 687 2074 Ordinis
711 2039 749 2074 S.
774 2038 812 2073 P.
837 2037 1002 2074 Francisci
1027 2038 1144 2074 induta
1171 2039 1314 2075 infirmis
1335 2041 1381 2075 ita
1403 2039 1632 2081 ministravit,
1660 2049 1698 2073 ut
1712 2062 1726 2081 ,
1756 2038 1838 2074 dum
1851 2037 2014 2074 'sollicitae
2037 2036 2180 2073 Marthae
2204 2036 2388 2074 ministerio
2414 2041 2478 2072 oc·=

341 2086 560 2132 cupabatur,
583 2087 749 2132 optimlm
772 2085 894 2122 Mariae
916 2096 1046 2133 partem
1061 2087 1119 2134 pio
1135 2087 1256 2124 mentis
1277 2087 1312 2124 in
1329 2090 1440 2124 Deum
1465 2087 1600 2125 ascensu
1624 2098 1692 2122 non
1716 2087 1920 2127 omitterer;
1946 2086 2102 2132 dumque
2128 2086 2214 2123 alios
2236 2089 2257 2122 ὲ
2283 2086 2375 2122 malo
2401 2094 2480 2122 cot·-

341 2136 463 2184 poris,
484 2135 519 2172 8(
538 2134 649 2182 peste,
671 2146 746 2182 quae
765 2142 850 2170 tunc
875 2136 1054 2182 Neapolin
1079 2138 1203 2181 magna
1226 2137 1334 2181 strage
1351 2137 1589 2180 concusserat,
1609 2136 1740 2171 virtute
1767 2134 1830 2171 suae
1850 2135 2019 2171 orationis
2040 2135 2204 2171 liberabat
2218 2160 2229 2179 ‚
2255 2135 2342 2171 alios
2366 2145 2478 2171 econ·

343 2196 422 2228 tra,
444 2196 533 2230 quos
554 2182 696 2219 liberior
720 2183 799 2219 vitae
822 2182 959 2221 licentia
983 2186 1025 2220 ad
1049 2184 1138 2220 viam
1167 2185 1310 2222 scandali
1332 2185 1540 2228 seduxerat,
1561 2185 1605 2220 ad
1627 2185 1797 2232 Spiritum
1815 2183 2052 2231 poenitentiae,
2081 2185 2161 2220 zelo
2183 2184 2281 2221 verbi
2306 2183 2355 2219 sui
2376 2193 2476 2221 com·

342 2233 458 2270 movit
474 2258 485 2269 .
516 2234 683 2278 Coeptum
707 2232 834 2268 Christi
866 2234 1010 2268 Domini
1034 2231 1250 2280 sepulchrum
1276 2234 1444 2272 invisendi
1468 2234 1650 2271 confilium
1668 2259 1678 2273 ‚
1703 2245 1782 2270 cum
1806 2235 1826 2268 it
1850 2232 1881 2269 se
1904 2232 2080 2278 adimpleri
2106 2245 2178 2269 non
2203 2231 2292 2280 poffe
2315 2232 2482 2268 adverte·

343 2294 396 2319 ret
412 2309 421 2323 ,
447 2282 482 2317 in
515 2282 605 2317 vices
630 2280 876 2317 Monasterium
898 2281 1080 2326 Virginum
1102 2282 1163 2318 sub
1189 2284 1290 2319 titulo
1315 2283 1448 2321 Sanetae
1471 2283 1590 2319 Mariae
1611 2281 1645 2317 in
1665 2281 1876 2330 Ierusalem,
1900 2282 1935 2317 8(
1956 2282 2016 2318 sub
2042 2283 2161 2325 regula
2187 2281 2300 2318 Tertii
2328 2278 2484 2318 Ordinis

343 2330 496 2379 praedicti
513 2355 523 2371 ,
550 2329 683 2366 residuo
708 2331 770 2365 suo
794 2328 957 2374 veEiigali
982 2341 1142 2367 extruere
1168 2331 1283 2368 statuit
1307 2357 1319 2374 ,
1345 2332 1379 2368 in
1399 2344 1470 2380 quo
1485 2355 1497 2375 ,
1518 2333 1599 2367 cura
1621 2330 1842 2367 Xenodochii
1866 2331 1984 2367 Mariae
2002 2331 2118 2367 AEtbae
2140 2332 2384 2369 Termularum
2404 2330 2483 2365 Du·

344 2380 431 2417 cilix
449 2405 459 2422 ‚
487 2378 547 2414 libi
571 2379 688 2414 animo
711 2379 744 2414 8(
771 2378 891 2423 spiritu
918 2379 1191 2427 conjunfftillimae
1217 2379 1356 2424 telleia,
1383 2381 1592 2427 semetipsam
1617 2379 1851 2425 Sexagenaria
1871 2381 1951 2416 Deo
1969 2379 2107 2427 penitus
2122 2379 2339 2415 consecravit
2354 2405 2362 2413 .
2389 2378 2487 2415 Tan·

347 2431 387 2465 ιὸ
421 2439 522 2464 :utem
547 2427 609 2462 sub
637 2427 723 2462 Divi
749 2427 910 2474 Cajetani
933 2428 1103 2477 consiliis,
1132 2429 1167 2464 in
1189 2429 1302 2465 semita
1323 2429 1543 2476 perfeftionis
1565 2426 1734 2476 progreiia
1753 2429 1802 2464 est
1826 2428 1935 2464 Maria
1950 2451 1962 2471 ,
1989 2439 2027 2463 ut
2048 2427 2241 2463 dulciorum
2256 2453 2267 2471 ‚
2292 2438 2380 2474 quas
2399 2427 2488 2463 Tere

345 2479 418 2513 tius
441 2476 544 2512 Ordo
557 2472 741 2522 prael'cribir
755 2497 769 2518 ,
800 2478 913 2519 legum
942 2478 1035 2523 quali
1062 2478 1224 2523 pertaesa,
1254 2479 1289 2514 8(
1310 2478 1486 2518 ordinario
1509 2478 1586 2514 vitae
1606 2476 1799 2522 Religiosae
1822 2476 1935 2521 rigore
1957 2489 2026 2512 non
2048 2485 2209 2513 contenta
2227 2501 2240 2521 ,
2266 2474 2482 2519 striEltiorem,

345 2529 560 2574 primamque
585 2527 632 2560 D.
653 2525 765 2560 Clarae
788 2527 938 2568 tegulam
952 2550 964 2569 ‚
992 2525 1213 2573 adjunxerit,
1241 2527 1409 2564 Habitum
1433 2527 1539 2563 nostri
1559 2527 1703 2563 Ordinis
1717 2553 1725 2566 .
1752 2525 1954 2571 solitamque
1973 2526 2063 2573 apud
2083 2536 2146 2561 nos
2167 2525 2308 2562 vivendi
2330 2535 2486 2561 normam

346 2574 551 2616 induxerit,
576 2573 611 2609 &
635 2573 833 2617 Moniales,
862 2573 967 2610 Filias
992 2575 1066 2610 suas
1089 2598 1102 2618 ‚
1126 2575 1266 2611 nomine
1292 2576 1549 2622 Capucinarum
1572 2585 1752 2622 propterea
1774 2572 1936 2618 distingui
1960 2574 2287 2615 voluerit,numero
2312 2574 2486 2610 illarum..

346 2624 382 2659 in
411 2622 609 2658 memoriam
633 2632 804 2657 annorum
833 2622 939 2658 aetatis
955 2623 1080 2658 Christi
1106 2627 1172 2667 (nt
1193 2625 1364 2669 Ughellus
1388 2636 1473 2661 tom.
1489 2625 1521 2663 6.
1548 2627 1625 2662 Ital.
1642 2626 1752 2661 Sacrae
1773 2623 1970 2659 edit.novae
1992 2622 2053 2658 fol.
2067 2623 2151 2658 mihi
2181 2635 2258 2671 ¹54·
2285 2622 2416 2670 refert)
2439 2621 2487 2658 ad

347 2673 494 2716 triginta
518 2681 582 2706 tres
604 2671 792 2717 ampliato.
820 2670 1028 2718 Fuititaque
1050 2671 1160 2707 Maria
1184 2673 1268 2709 felix
1292 2674 1350 2708 illa
1376 2677 1472 2709 Petra
1491 2697 1504 2717 ‚
1529 2686 1569 2710 ex
1593 2685 1659 2720 qua
1677 2672 1934 2719 Capucinarum
1954 2672 2055 2708 Ordo
2070 2697 2078 2711 ,
2099 2672 2170 2720 jam
2197 2671 2263 2708 late
2291 2682 2351 2717 per
2365 2671 2484 2707 orbem

346 2733 425 2757 cum
443 2719 576 2754 virtutis
588 2721 671 2754 sonu
685 2718 827 2754 diffusus
840 2743 854 2763 ‚
876 2719 1084 2756 fuitexcisus
1100 2732 1110 2755 ε
1135 2721 1198 2757 fuit
1212 2722 1323 2758 Maria
1335 2722 1478 2768 Sapiens
1491 2723 1548 2758 illa
1565 2722 1694 2758 Mulier
1709 2747 1719 2763 ‚
1746 2732 1822 2769 quae
1840 2722 1873 2756 in
1885 2721 2058 2757 militantis
2072 2719 2222 2757 Ecclefiae
2236 2720 2394 2758 decorem
2407 2719 2490 2756 sedi·

346 2769 450 2806 ficavi
484 2770 637 2804 Domum
649 2792 663 2811 ,
676 2768 709 2802 in
723 2768 892 2813 qual-'iliae
906 2768 1063 2818 rejiciunt
1081 2769 1195 2814 vittas,
1211 2771 1359 2808 theristra
1374 2794 1387 2815 ,
1403 2783 1442 2807 ac
1461 2781 1658 2807 ornamenta
1673 2769 1828 2806 vanitatis
1841 2792 1854 2812 ,
1874 2770 1908 2805 8(
1923 2781 1987 2817 pro
1998 2769 2097 2805 Zona
2123 2769 2311 2806 funiculum
2325 2794 2339 2814 ,
2364 2781 2404 2806 uc
2421 2779 2488 2816 pto

350 2778 634 2863 fascijpeftorali
654 2816 805 2853 cilicium
830 2816 976 2853 induunt
995 2841 1006 2852 .
1033 2819 1085 2853 Eo
1104 2829 1216 2854 autem
1238 2830 1414 2866 tempore,
1437 2832 1510 2867 quo
1535 2819 1642 2856 Maria
1655 2819 1823 2866 primitias
1838 2821 1916 2855 Deo
1935 2842 1949 2862 ,
1972 2818 2006 2854 &
2023 2821 2067 2854 D.
2087 2820 2123 2854 P.
2138 2819 2316 2856 francisco
2328 2820 2452 2854 Sacras
2465 2838 2480 2860 ,

347 2877 502 2903 materno
515 2877 629 2902 amore
642 2865 844 2909 gubernavit
861 2889 874 2909 ,
903 2866 1021 2902 durior
1033 2867 1208 2904 tribulatio
1221 2869 1311 2904 illam
1325 2870 1467 2905 tentavit
1480 2882 1492 2909 ;
1513 2869 1680 2915 Spiritum
1692 2867 1780 2904 enim
1795 2868 1871 2916 ejus
1885 2867 2063 2910 desolatio,
2076 2868 2110 2903 &
2123 2879 2234 2903 rerum
2247 2867 2482 2915 spiritualium

347 2916 485 2952 ariditas
498 2913 628 2950 diutius
638 2913 750 2950 affecit
762 2939 773 2959 ,
789 2915 823 2951 8(
838 2915 973 2952 horrida
985 2915 1150 2952 vifionum
1165 2917 1280 2962 imago
1294 2916 1423 2963 pluries
1443 2917 1597 2954 turbavit
1610 2941 1624 2962 ,
1641 2918 1718 2955 Deo
1732 2918 1775 2953 ad
1796 2916 1993 2952 meritorum
2012 2916 2148 2953 suorum
2162 2917 2407 2952 incrementum
2424 2914 2485 2950 vei

348 2963 553 3012 disponente
569 2988 580 3007 ,
596 2965 652 2999 vel
671 2964 912 3010 permittente.
935 2965 1119 3003 Accessere
1133 2966 1186 3002 his
1199 2967 1351 3003 acriores
1370 2967 1503 3009 morbi,
1529 2967 1656 3014 quibus
1667 2977 1793 3012 corpus
1814 2965 1886 3012 ejus
1906 2965 1952 3000 ita
1973 2965 2219 3001 extenuebatur
2232 2988 2243 3007 ‚
2269 2977 2307 2999 ut
2327 2967 2486 3000 ultimam

347 3013 431 3049 vitae
460 3015 581 3048 lineam
603 3011 662 3048 sibi
688 3012 835 3049 vicinam
856 3014 922 3050 effe
940 3015 1012 3050 laeta
1035 3015 1229 3051 adverteret
1245 3041 1255 3051 .
1282 3016 1474 3064 Eapropter
1495 3016 1537 3051 ad
1562 3015 1737 3051 occursum
1766 3012 1888 3061 Sponli
1917 3014 2125 3059 lampadem,
2144 3014 2228 3049 oleo
2249 3013 2413 3049 orationis
2433 3023 2487 3048 re-

345 3062 464 3098 fertam
492 3062 526 3098 8(
551 3065 629 3108 igne
655 3061 824 3098 charitatis
845 3064 1018 3100 ardentem
1044 3063 1274 3110 praeparavit,
1297 3065 1517 3101 sacramentis
1548 3062 1700 3100 Ecclefiae
1724 3065 1853 3097 munita
1879 3062 1984 3098 Filias
2014 3062 2089 3098 suas
2116 3062 2396 3106 compofitas,&
2420 3073 2483 3098 co-

345 3111 444 3159 piolo
477 3112 560 3147 fletu
584 3110 802 3148 dileetiffimae
831 3112 953 3150 Matris
979 3110 1106 3148 leftulo
1131 3112 1272 3149 astantes
1297 3138 1311 3158 ‚
1348 3114 1470 3150 aemula
1492 3112 1641 3156 Christi,
1666 3112 1710 3148 ad
1738 3121 1890 3146 mutuam
1913 3109 2135 3148 di'estionem
2158 3135 2173 3155 ‚
2197 3111 2230 3146 8(
2255 3110 2411 3147 εκιᾶειηι
2433 3121 2485 3149 re.

345 3160 435 3204 gulae
461 3160 718 3196 observantiam
742 3161 906 3197 animavit
921 3186 934 3206 ,
959 3163 1121 3208 ternaque
1148 3161 1224 3197 vice
1244 3160 1345 3199 suave
1366 3162 1447 3212 Jesu
1477 3173 1602 3199 nomen
1625 3171 1745 3196 tenero
1771 3158 1913 3204 suspitio
1937 3160 2120 3196 inclamans
2135 3185 2147 3205 ,
2170 3172 2263 3196 anno
2294 3171 2394 3208 ¹54².
2410 3158 2484 3196 ani-

345 3220 435 3243 mam
459 3209 521 3244 suo
545 3209 692 3246 reddidit
717 3209 907 3246 Creatori.
936 3211 1078 3248 Excivit
1105 3210 1261 3247 resonans
1286 3214 1409 3248 mortis
1430 3212 1517 3249 fama
1544 3211 1585 3247 ad
1612 3207 1780 3246 defuncta:
1805 3208 2049 3245 Monasterium
2066 3209 2346 3257 Neapolitanum
2370 3219 2483 3256 popu-

346 3257 418 3291 lum
434 3279 448 3298 ‚
471 3267 515 3291 ex
546 3270 617 3305 quo
651 3259 732 3293 dum
769 3258 826 3295 alii
849 3260 954 3295 vitam
986 3261 1105 3297 Mariae
1129 3259 1250 3306 spiritu
1277 3260 1490 3309 prophetiae,
1514 3260 1621 3305 gratia
1645 3261 1895 3303 curationum,
1917 3259 1950 3294 8(
1971 3258 2126 3295 ἐκῑιΐυιπ
2149 3258 2320 3305 prodigiis
2345 3260 2482 3298 claram.

346 3309 380 3341 &
408 3315 551 3340 mortem
581 3316 626 3340 ex
647 3307 741 3342 suavi
766 3333 777 3350 ,
815 3310 911 3355 quod
939 3310 1084 3346 cadaver
1109 3309 1290 3346 exhalabat
1314 3336 1324 3353 ,
1349 3311 1457 3347 odore
1484 3333 1494 3350 ,
1521 3308 1699 3356 pretiosam
1735 3307 2012 3352 reminiscentes,
2040 3309 2074 3344 in
2106 3307 2209 3344 effusa
2247 3307 2370 3344 laetitiae
2394 3303 2483 3341 sensa

348 3351 594 3398 solvebantur,
623 3356 680 3390 alii
696 3356 761 3393 sese
778 3358 904 3405 'Matre
937 3358 1113 3403 benefica,
1139 3370 1240 3406 quam
1263 3360 1454 3397 communis
1477 3357 1678 3395 Sanffitatis
1698 3357 1824 3403 opinio
1862 3357 2076 3402 celebravit,
2096 3358 2239 3393 orbatos
2275 3354 2340 3393 effe
2374 3351 2483 3391 moesti

347 3400 554 3437 indoluere:
582 3404 693 3439 mixto
719 3406 836 3448 gaudii
858 3408 892 3444 8(
917 3409 1067 3453 gemitus
1092 3408 1217 3446 affeftu
1239 3419 1380 3446 econtra
1405 3407 1535 3445 diutius
1560 3407 1603 3444 ad
1630 3405 1808 3444 nefunetae
1836 3406 1941 3451 pedes
1969 3408 2132 3453 prostrata
2155 3404 2271 3442 mansit
2297 3411 2482 3440 memorata

348 3450 593 3506 Termylarum
612 3452 747 3489 Duciffa
764 3466 777 3493 s
799 3466 947 3503 cumque
966 3457 1000 3493 8(
1022 3457 1091 3503 ipsa
1113 3458 1238 3495 secret&
1261 3458 1392 3494 virtute
1416 3457 1567 3494 coelestes
1589 3456 1705 3493 Mariae
1726 3454 1866 3492 delicias
1887 3457 1921 3491 in
1942 3457 2046 3492 corde
2073 3455 2210 3493 sentiret
2225 3452 2388 3498 ,eandem
2403 3449 2481 3486 Ma-

348 3508 410 3555 Πῑξ
438 3509 543 3534 mam
570 3503 746 3544 aemuhfls
766 3505 910 3541 eundem
934 3505 1081 3543 Ordinis
1106 3506 1272 3543 Habitum
1299 3507 1461 3548 induere,
1483 3506 1697 3553 eandemque
1720 3505 1893 3549 Regulam
1918 3503 1952 3541 in
1977 3505 2096 3541 eodem
2122 3501 2332 3540 Monasterio
2374 3499 2482 3547 probi

350 3555 410 3581 terr
437 3550 624 3584 conclusit.
651 3551 743 3587 Cum
768 3553 853 3588 veto
877 3556 1029 3599 podagra
1055 3555 1232 3603 praepedita
1256 3556 1326 3593 hoc
1352 3556 1447 3593 suurn
1477 3555 1676 3592 desiderium
1703 3554 1891 3600 adimplere
1918 3564 1989 3589 non
2014 3551 2275 3599 peffet,saltem
2299 3550 2376 3596 post
2391 3559 2481 3583 mor·

349 3606 416 3631 ‘em
435 3595 565 3650 *Mariae
592 3598 691 3644 jung?
718 3600 831 3636 voluit
847 3624 859 3645 2
878 3604 1120 3650 disponendo,
1140 3614 1179 3641 ut
1203 3604 1295 3641 illius
1321 3605 1467 3642 cadaver
1494 3604 1604 3641 eidem
1633 3602 1754 3640 Marias
1780 3602 1988 3649 sarcophago
2010 3601 2238 3637 includeretur
2265 3625 2274 3634 .
2301 3598 2482 3636 fastum.-

348 3643 525 3680 reddidere
538 3648 695 3692 prodigia
711 3650 872 3689 celebre:
897 3662 966 3688 non
994 3653 1105 3690 solum
1130 3653 1220 3690 enim
1247 3654 1533 3694 Mariaecadaver
1559 3651 1676 3690 effossa
1699 3653 1805 3689 humo
1824 3651 2049 3687 suavissimum
2073 3652 2189 3688 denuo
2218 3647 2366 3695 spiravit
2391 3647 2482 3683 odo·

351 3705 452 3752 fem«,
477 3695 510 3729 ὅ(
536 3695 608 3740 Ροῆ
629 3707 774 3731 annuam
809 3699 842 3735 in
859 3700 999 3737 humido
1027 3704 1106 3739 loco
1129 3702 1374 3750 depofirlonem
1400 3705 1421 3739 Α
1449 3701 1625 3739 communi
1663 3701 1856 3747 putredinis
1883 3701 1959 3744 lege
1986 3699 2133 3735 immune
2166 3695 2231 3733 fuit
2266 3706 2440 3744 repertum
2467 3717 2482 3737 2

350 3754 473 3777 verum
493 3747 593 3779 etiarn
616 3745 696 3778 dum
725 3756 830 3789 arcae,
856 3748 994 3785 noviter
1019 3751 1099 3787 ideo
1119 3752 1307 3793 confec-tx,
1333 3764 1372 3787 ut
1399 3763 1583 3799 utrumque
1610 3751 1755 3786 cadaver
1779 3748 1995 3788 commodius
2016 3757 2150 3795 caperet
2177 3771 2190 3789 ,
2212 3746 2328 3793 primb
2368 3747 2483 3792 impo-

350 3802 510 3837 neretur,
534 3793 660 3829 extulit
689 3793 792 3834 Maria
820 3796 1018 3844 brachium,
1039 3800 1073 3836 8(
1098 3802 1240 3840 amicum
1269 3801 1411 3839 Ducilsae
1441 3802 1587 3840 cadaver
1611 3801 1652 3837 ad
1683 3800 1747 3836 suae
1778 3798 1905 3849 quietis
1936 3797 2148 3846 consortium
2168 3796 2345 3834 conduxit
2371 3819 2385 3838 ,
2410 3796 2478 3832 stu-

2353 3856 2436 3892 pen-

1550 1132 1666 1172 Arm.
1694 1126 1909 1168 Provincia
1937 1126 2242 1181 Neapolitana,
2270 1124 2477 1186 refertque

1549 1187 1652 1230 illud
1673 1190 1814 1229 Bover.
1837 1194 1871 1228 t.
1896 1196 1937 1228 1.
1947 1183 2031 1244 fol.
2059 1196 2154 1237 274.
