2618 4108
333 175 507 266 282

535 286 716 338 Eodem
744 289 1023 358 argumento
1045 324 1059 340 .

269 417 310 462 'A
329 427 448 471 tergo
457 442 468 454 .
491 405 924 462 DileelofmoNostro,
937 408 1147 466 Alphonsb,
1161 413 1307 455 5.R.12·.

401 468 628 524 Presbytero
645 467 855 511 cardinali
870 467 923 511 de
938 468 977 514 la
994 471 1084 513 Cue
1092 483 1139 513 va
1159 498 1172 511 .

270 587 770 650 URBANUS
836 590 1054 640 PAPA
1109 591 1309 640 VIII.

328 707 486 756 Dileffe
501 708 588 751 Fili
599 706 925 764 Nostersblutem
939 707 1251 767 &qustolicam

620 766 930 810 Benedib‘lionem
942 797 954 811 .

348 892 459 934 Ntet·
487 900 696 932 armorum
734 885 925 944 strepitus
965 887 1100 932 audita
1132 887 1189 931 est
1222 901 1302 931 vox

363 949 479 992 unius
506 945 742 993 Sacerdotis
768 947 1039 1004 pauperrimi,
1064 961 1187 1005 quem
1211 947 1299 990 elo·

269 1009 370 1066 quio
396 1017 612 1052 tonantem
635 1034 649 1057 a
679 1008 716 1047 8(
742 1007 882 1061 gladio
906 1005 1044 1051 salutis
1071 1017 1271 1050 armatum
1288 1036 1304 1060 ,

273 1077 415 1113 contra
435 1065 624 1110 haeresum
641 1066 814 1110 monstra
829 1067 1024 1110 dimicare
1041 1066 1192 1110 vidistis
1206 1081 1218 1109 ε
1233 1080 1301 1109 ex-

267 1128 472 1185 ploratum
503 1127 560 1169 est
587 1136 752 1177 tamen,
775 1125 896 1182 quam
923 1123 1184 1171 formidolosa
1212 1124 1301 1169 fue-

256 1188 323 1233 eit
340 1188 468 1242 pietas
480 1212 494 1235 ‚
507 1188 545 1228 &
563 1186 799 1242 eloquentia
814 1186 962 1228 Dilecti
977 1185 1094 1238 Filii,
1109 1188 1174 1230 Fr.
1187 1189 1300 1243 Hya·

268 1245 401 1289 cinthi
418 1243 645 1289 Casalenfis
663 1274 676 1296 ‚
697 1245 896 1300 Capucini
914 1274 928 1297 ‚
953 1259 1075 1301 quem
1102 1245 1228 1290 isthuc
1244 1245 1295 1291 ad

266 1304 500 1359 Religionis
528 1303 772 1358 dignitatem
786 1304 981 1347 tuendam
997 1304 1213 1348 Pontificia
1226 1320 1297 1349 au-

262 1364 441 1407 thoritas
462 1361 693 1417 ablegavit.
726 1365 822 1406 Non
841 1362 897 1404 est
914 1363 1028 1405 certe
1042 1392 1057 1415 ,
1080 1364 1189 1421 quod
1206 1368 1294 1409 Nos

266 1422 356 1479 ejus
374 1421 523 1465 laboris
538 1420 771 1477 poeniteat,
802 1423 870 1478 qui
885 1423 1035 1466 Crucis
1049 1423 1295 1470 Vexillum„

265 1479 530 1539 praeseferens
554 1480 672 1537 super
686 1479 843 1536 aspides
857 1511 871 1534 ‚
897 1483 938 1525 δι
952 1481 1151 1527 basiliscos
1165 1483 1294 1527 confi-

263 1543 415 1584 denter
429 1539 655 1582 ambulavit
668 1569 680 1582 .
711 1543 853 1600 Qare
868 1570 882 1593 ,
906 1556 1000 1585 cum
1014 1544 1052 1585 ei
1069 1543 1292 1598 graviffima

261 1600 432 1657 negotia
450 1598 685 1642 mandamus
703 1627 717 1651 ,
747 1599 796 1643 ad
815 1601 953 1644 Divini
980 1601 1128 1646 Cultus
1157 1603 1292 1646 incre-

259 1669 447 1703 mentum
464 1658 713 1714 pertinentia
729 1686 743 1709 ‚
764 1660 996 1714 patrocinio
1011 1693 1024 1714 ,
1040 1662 1290 1718 consilioque

258 1720 353 1763 Tuo
368 1718 496 1775 juvari
523 1731 618 1761 eum
641 1714 826 1771 cupimus
841 1747 855 1770 ‚
880 1720 991 1775 quod
1008 1724 1032 1766 a
1046 1721 1287 1778 perspecta..

256 1779 361 1822 tanti
376 1776 553 1821 Praesulis
581 1777 740 1831 pietate
773 1775 967 1823 solatium
997 1785 1255 1837 expectantes
1273 1811 1288 1833 ,

254 1837 344 1894 ejus
363 1836 497 1882 verbis
513 1834 686 1892 perinde
696 1862 723 1886 2,
742 1849 790 1881 ac
812 1837 985 1890 nostris,
1007 1841 1122 1884 credi
1146 1841 1167 1883 a
1187 1842 1287 1889 Te„

254 1897 436 1955 petimus
454 1923 468 1947 ‚
493 1897 557 1939 cui
574 1894 851 1952 Apostolicam
867 1898 1197 1943 Benedictionem
1212 1903 1286 1944 im-

251 1956 468 2014 partimur.
484 1959 640 1999 Datum
662 1955 739 1996 &c.
763 1954 835 1998 die
862 1970 918 1999 ιι.
945 1960 1043 2003 Maii
1068 1974 1286 2009 mncxxtv.

253 2015 521 2061 Pontificatus
539 2012 677 2058 Nostri
690 2015 810 2059 Anno
826 2015 958 2074 primo
972 2042 986 2059 .

309 2137 375 2177 Ex
390 2131 561 2177 Archivo
573 2129 768 2187 praediHa
779 2159 793 2175 .

739 2273 1106 2295 ——U-v——n--n'
1110 2279 1290 2296 *—

494 2369 677 2423 Eodem
716 2386 992 2443 argumento
1009 2413 1023 2426 .

249 2491 290 2536 ‘A
306 2497 451 2548 tergo:
474 2489 694 2534 Venerabili
707 2494 851 2535 Fratri
865 2522 880 2544 ,
892 2495 1045 2547 ‘Joanm'
1061 2496 1253 2541 Suicardo
1266 2526 1283 2550 ‚

389 2550 688 2608 Archiwifi'opo
703 2552 939 2606 Moguntina
950 2583 964 2606 ‚
978 2559 1019 2597 S.
1036 2558 1084 2598 R.
1098 2561 1131 2602 1.

564 2609 741 2667 Principe*
755 2610 924 2655 Eleelori
938 2644 950 2656 .

244 2730 733 2785 URBANUS
794 2734 1024 2787 PAPA
1080 2736 1279 2787 VIII.

306 2845 545 2891 Venerabilis
555 2846 707 2892 Frater
706 2849 886 2908 salutem
906 2852 1219 2910 &Apostole'cam¹

588 2911 897 2954 Benedifflonem
912 2940 925 2953 .

360 3023 563 3082 Eligionis
585 3027 843 3079 authoritas,
870 3043 956 3086 quae
977 3033 1091 3077 Coeli
1116 3031 1274 3077 benefia

386 3084 494 3127 cium
509 3086 563 3130 est
581 3115 597 3139 2
623 3086 895 3131 pontificatus
919 3091 1059 3135 Nostri
1076 3107 1171 3135 cura
1189 3091 1271 3136 effe

235 3144 393 3196 debet3
419 3143 572 3188 docent
588 3146 758 3189 nimium
777 3161 922 3203 graves
939 3149 1009 3192 fibi
1033 3150 1269 3195 diffidentes

237 3201 521 3256 calamitates,
548 3206 668 3263 quam
691 3206 856 3249 firmum
880 3223 927 3252 ea
945 3209 991 3251 fit
1013 3211 1184 3269 publicae
1204 3213 1266 3255 in-

237 3259 489 3305 columitatis
516 3266 867 3321 propugnaculum
883 3282 897 3311 :
927 3269 1101 3313 haereses
1116 3271 1266 3315 enim.»

237 3323 422 3373 oportuit
448 3319 557 3375 effe,
583 3339 662 3367 non
690 3325 814 3368 modi>
836 3327 1060 3373 animarum
1077 3344 1230 3374 venena
1247 3360 1263 3383 ‚

233 3374 304 3418 sed
320 3380 444 3444 etiam
458 3382 718 3427 turbamenta
731 3387 969 3443 Regnorum
985 3417 999 3440 ,
1012 3403 1182 3445 quarum
1198 3390 1261 3431 se-

234 3448 328 3501 men
345 3441 568 3492 ignorantia
581 3469 595 3492 ³
609 3444 648 3484 &
663 3441 845 3501 superbia
859 3475 873 3498 ,
896 3444 1049 3490 fruetus
1064 3451 1168 3493 vero
1182 3449 1260 3493 dis-

230 3493 329 3536 fidia
343 3523 358 3545 ‚
376 3495 416 3535 &
433 3495 540 3563 bella
555 3526 566 3538 .
599 3502 890 3547 Laborabimus
910 3507 1068 3564 semper
1091 3507 1144 3551 de
1167 3508 1260 3551 ista-

231 3566 322 3595 rum
339 3555 637 3601 Provinciarum
653 3558 780 3605 salute
794 3563 957 3609 solliciti
973 3595 987 3618 ,
1007 3566 1257 3622 quousque.-

229 3611 481 3654 Orthodoxae
496 3613 611 3681 Fidei
634 3617 880 3664 Defensores
899 3636 1051 3667 armata
1069 3626 1257 3681 impietas

227 3684 463 3737 oppugnare
480 3680 631 3738 poterit
644 3704 656 3716 .
681 3680 830 3733 Neque
845 3683 953 3725 enim
969 3683 1066 3727 dum
1085 3683 1255 3729 facultas

227 3730 366 3773 aderit
385 3755 399 3778 ,
430 3730 565 3772 deerit
596 3732 657 3774 illi
691 3735 876 3780 voluntas
908 3741 1014 3785 male
1046 3741 1248 3787 faciendi.

229 3791 330 3847 Qrae
345 3787 508 3832 confilia
523 3799 659 3835 tamen
675 3794 888 3851 agitemus,
901 3800 1132 3845 declarabit
1147 3804 1247 3846 Fra-

1118 169 1586 285 Custodia

1372 293 1560 336 ternitati
1579 290 1674 336 Tuae
1693 288 1879 333 Dilectus
1895 290 2021 335 Filius
2035 321 2049 345 ,
2074 295 2307 354 Religiosus
2328 299 2403 341 8⁸3

1369 351 1519 395 cerdos
1536 380 1550 403 ‚
1577 353 1643 394 Fr.
1660 350 1919 406 Hyacinthus
1937 351 2162 397 Casalenfis
2173 385 2190 407 ,
2217 358 2401 414 Capaci-

1371 424 1474 463 nus,
1501 424 1622 466 quem
1648 424 1728 452 non
1750 410 1880 453 minus
1909 412 2057 454 eximia
2083 414 2258 464 merita,
2279 419 2402 472 quam

1370 469 1611 525 Apostolicae
1628 469 1756 513 literae
1781 471 2096 515 commendant:
2123 475 2216 516 huic
2229 476 2401 531 gravia-2

1374 529 1539 585 negotia
1552 528 1863 577 mandavimus,
1888 544 1975 586 quae
1998 531 2165 575 difleret
2183 547 2275 575 cum
2301 534 2401 576 Fra-

1372 587 1681 639 ternitateTua,
1696 602 1781 644 quae
1795 587 1903 632 illius
1922 589 2056 633 verbis
2069 590 2400 646 eandem‚quam

1369 645 1543 698 Nostris,
1564 644 1686 691 fidem
1701 647 1852 691 habere
1868 650 2034 703 poterit.
2050 653 2271 703 Caeterum,
2285 651 2309 692 fi
2325 651 2402 706 piis

1367 704 1455 761 ejus
1476 707 1690 750 conatibus
1716 720 1836 762 opem
1861 705 1970 750 feret
1986 738 2000 761 ‚
2034 709 2297 766 &dignitatis
2326 710 2401 753 suae

1371 765 1545 823 gloriam
1561 765 1758 821 augebit,
1788 766 1826 809 &
1845 766 1898 808 de
1918 769 2125 812 communi
2152 767 2400 814 faelicitate,

1371 825 1598 867 merebitur
1619 825 1870 870 Fraternitas
1891 827 2008 880 Tua,
2031 829 2095 870 cui
2120 828 2398 886 Apostolicam

1363 882 1695 929 Benedieionem
1710 883 1965 940 impartimur
1979 917 1993 928 .

1421 945 1576 987 Datum
1604 945 1742 987 Romae
1759 942 1866 998 apud
1893 947 1932 987 S·
1949 948 2119 990 Petrum
2138 948 2209 991 sub
2225 946 2394 991 Annulo

1365 1004 1580 1046 Piscatoris
1596 1002 1663 1045 die
1678 1015 1744 1044 vr.
1760 1002 1858 1047 Maii
1873 1017 2098 1054 Mncxxtv.
2123 1006 2395 1051 Pontificatus

1362 1063 1499 1107 Nostri
1510 1065 1630 1107 Anno
1642 1061 1776 1118 primo
1787 1090 1800 1103 .

1420 1184 1483 1225 Ex
1497 1180 1668 1226 Archivo
1683 1179 1874 1238 praedmo
1886 1207 1898 1220 .

1355 1314 1622 1345 ——0-—0
1859 1324 1972 1341 —-

1611 1419 1790 1471 Eodem
1819 1437 2097 1494 argumento
2114 1460 2128 1473 .

1354 1542 1393 1584 A
1411 1549 1558 1598 tergo:
1593 1539 1813 1583 Venerabili
1827 1520 1968 1586 Fratri
1977 1573 1992 1594 ,
2007 1541 2196 1585 Lethario
2211 1570 2226 1593 ‚
2242 1543 2389 1588 Archi..

1464 1600 1638 1659 episcopo
1654 1601 1961 1704 Trevizc’lnsftlgrg.
1976 1605 2025 1645 R.
2038 1604 2071 1645 1.
2090 1602 2271 1657 Principe·

1350 1781 1850 1837 URBANUS
1904 1773 2137 1832 PAPA
2185 1781 2388 1835 v111.

1414 1900 1651 1945 Venerabilis
1665 1900 1996 1960 Fraterfilutem
2014 1875 2335 1958 &qustolicam'
2402 1951 2404 1953 ,

1697 1959 2006 2004 Βεηεάὲἑῖἰοησηι
2015 1987 2028 2001 .

1420 2080 1460 2121 N
1493 2076 1669 2120 circuitu
1698 2076 1927 2121 Germaniae
1961 2076 2178 2133 tempestas
2210 2075 2375 2131 valida:

1439 2136 1591 2179 utinam
1605 2137 1645 2178 in
1664 2150 1711 2179 ea
1729 2137 1924 2179 Dominus
1943 2134 2157 2178 delitescat
2175 2165 2189 2188 ‚
2219 2136 2383 2193 quiali-

1349 2196 1513 2250 quando
1529 2195 1642 2251 ponit
1659 2197 1850 2238 tenebras
1867 2193 2088 2237 latibulum
2102 2194 2238 2249 suum3
2261 2209 2382 2239 accu-

1348 2253 1549 2296 ratissimis
1564 2255 1751 2310 precibus
1765 2254 1815 2297 ab
1829 2267 1881 2297 eo
1896 2253 2072 2309 petimus
2087 2282 2101 2306 ‚
2128 2263 2175 2297 ut
2195 2255 2383 2310 omnipo—

1347 2313 1471 2356 tentis
1488 2313 1717 2355 clementiae
1732 2314 1770 2355 vi
1788 2327 1839 2357 ex
1855 2322 1970 2357 tanto
1985 2314 2153 2355 terroris
2169 2324 2380 2370 apparatu,

1348 2372 1508 2416 illustre
1534 2372 1702 2428 aliquod
1731 2370 1978 2416 beneficium
2005 2372 2231 2416 Catholicae
2259 2373 2379 2420 Reli.-

1344 2432 1454 2489 gioni
1469 2442 1704 2488 comparet.
1728 2435 1817 2477 Nec
1831 2431 1963 2474 minus
1977 2429 2202 2486 diligenter
2217 2446 2264 2475 ea
2281 2444 2381 2480 cone·

1344 2492 1427 2535 filia
1446 2491 1736 2547 perpendimus
1752 2520 1767 2543 ‚
1789 2505 1874 2548 quas
1895 2490 2118 2535 Provinciis
2138 2491 2217 2534 istis
2237 2492 2378 2535 Ponti-

1340 2550 1669 2596 ficiaeCharitatis
1685 2550 1979 2594 sollicitudines
1995 2548 2214 2594 testentur.
2233 2551 2378 2594 Decla-

1338 2611 1444 2655 rabit
1461 2610 1500 2653 id
1519 2609 1828 2655 loculentiffime
1847 2609 2028 2652 Dileetus
2046 2609 2377 2666 Filius‚Religio—

1342 2671 1406 2715 sus
1421 2669 1619 2715 Sacerdos
1632 2700 1646 2724 ,
1672 2673 1740 2714 Fr.
1755 2669 2014 2725 Hyacinthus
2029 2668 2249 2713 Casalenfis
2261 2697 2276 2719 ‚
2292 2671 2374 2713 Ca.

1338 2732 1508 2787 pucinus
1521 2756 1536 2778 ‚
1557 2731 1621 2773 cui
1642 2728 1865 2786 gravissima
1882 2730 2048 2785 negotia
2062 2728 2370 2773 mandavimus:

1338 2791 1509 2836 uberem
1525 2787 1598 2833 ille
1606 2789 1839 2834 Christianae
1853 2787 1991 2844 gloriae
2005 2787 2189 2844 segetem
2203 2802 2255 2832 ex
2266 2790 2372 2831 Ger·

1336 2849 1479 2893 maniae
1496 2848 1796 2892 calamitatibus
1822 2848 1862 2890 in
1883 2847 2003 2891 variis
2019 2849 2194 2904 Europae
2211 2847 2368 2903 Regnis

1335 2909 1507 2965 collegit
1521 2938 1532 2951 .
1560 2912 1655 2952 Non
1669 2909 1726 2951 est
1741 2922 1840 2964 ergo
1854 2935 1868 2959 ‚
1895 2906 2003 2963 quod
2022 2909 2127 2950 Eum
2155 2906 2367 2952 Fraterni-

1334 2969 1407 3013 tati
1431 2971 1526 3011 Tuae
1539 2967 1877 3012 commendemus
1904 2967 2292 3010 commemoratione
2318 2964 2368 3006 il·

1332 3028 1466 3071 larum
1495 3027 1690 3079 laudum,
1716 3027 1862 3083 quibus
1890 3024 2157 3068 Franciscanae
2184 3023 2364 3068 Familiae

1330 3087 1483 3131 decora
1501 3095 1623 3143 auget
1640 3116 1654 3139 ,
1685 3088 1723 3128 &
1738 3081 2104 3140 potentissimorum
2122 3083 2363 3138 Principum

1330 3147 1565 3190 voluntates
1596 3145 1801 3188 demeruit
1823 3171 1835 3184 .
1868 3143 1918 3184 Ei
1935 3142 2109 3198 perinde
2124 3172 2138 3196 ,
2152 3159 2198 3187 ac
2229 3143 2362 3186 Nobis

1327 3205 1440 3250 credi
1466 3205 1651 3261 cupimus
1666 3203 1688 3246 ἓ
1704 3202 1982 3246 Fraternitate
2000 3204 2087 3245 Tua
2105 3231 2119 3254 ‚
2147 3202 2262 3259 cujus
2292 3216 2362 3245 au-

1324 3265 1517 3307 &oritate
1539 3265 1580 3305 δι
1605 3261 1772 3305 consilio
1798 3261 2016 3316 plurimum
2046 3261 2180 3320 juvari
2195 3259 2358 3322 poffma

1323 3325 1479 3369 causam
1489 3322 1695 3379 publicam
1709 3320 1980 3365 existimamus
1990 3350 2003 3365 .

1381 3385 1536 3427 Datum
1554 3383 1696 3425 Romae
1707 3381 1885 3440 utst'epra
1898 3410 1910 3423 .

1380 3477 1440 3560 Ea
1455 3499 1628 3547 Archivo
1634 3498 1825 3558 praedtfi'o
1837 3507 1851 3555 ξ

2159 3891 2162 3893 -
2204 3868 2289 3911 Eo-
