2664 4114
365 251 527 339 128

1156 240 1676 331 Provincia

306 368 625 420 Concordiam
673 362 848 415 ratione
893 356 1019 409 horti
1069 355 1343 411 Conventus
1403 363 1687 404 Romanorum
1715 356 1956 402 Pontificum
1983 357 2322 405 Praedecefforum
2350 377 2426 407 no-

377 440 593 490 Civitatis
622 431 862 485 Brundufii
898 432 1017 479 inter
1045 429 1255 483 Cives&
1276 434 1338 482 D,

377 507 769 561 Archidiaconum
800 498 1044 552 confirmat
1060 535 1074 551 .

308 632 852 695 URBANUS
924 630 1337 681 PAPAVIII.

494 761 563 807 Ad
575 758 772 820 futuram
800 760 858 804 rei
886 755 1140 803 memoriam.

458 894 575 947 Upei·
599 906 674 947 pro
699 901 816 948 parte
833 889 1077 933 dilectorum
1093 887 1330 932 Filiorum·

306 894 434 1007 N
469 951 692 994 Guardiani
723 952 764 992 &
802 953 988 993 Fratrum
1026 946 1179 991 Domus
1207 946 1332 988 Ordi-

305 1013 368 1055 nis
396 1010 601 1054 Minorum
636 1011 770 1053 Sanni
800 1008 1002 1052 Francisci
1030 1006 1333 1063 Capucinorum

306 1077 631 1126 nuncupatorum
650 1097 664 1120 2
680 1069 871 1111 Civitatis
887 1066 1096 1110 Brundulii
1113 1063 1239 1106 Nobis
1266 1075 1339 1103 ex·

306 1130 479 1186 politum
505 1129 610 1179 suit,
641 1127 748 1184 quod
766 1124 972 1182 aliasipfis
1001 1125 1165 1182 quidam
1191 1124 1333 1164 hortus

305 1190 418 1231 diciae
437 1187 588 1229 Domui
603 1187 818 1242 contiguus
834 1214 848 1236 ‚
878 1184 1207 1240 quoindigebant
1223 1208 1237 1230 ‚
1259 1181 1331 1222 do-

304 1258 428 1291 natus
457 1243 533 1288 suit
551 1274 565 1296 ,
598 1243 746 1301 ipsique
771 1242 1046 1299 poffeffionem
1063 1242 1171 1283 horti
1202 1236 1336 1294 hujus·

310 1305 424 1349 modi
456 1305 595 1359 adepti
615 1304 808 1345 fuerunt.
840 1300 1022 1345 Subinde
1051 1302 1181 1350 vero,
1212 1298 1338 1353 quia...

306 1374 564 1418 compertum
581 1372 668 1404 erat
683 1362 877 1404 directum
894 1359 1119 1401 dominium
1134 1360 1227 1400 dicti
1244 1358 1337 1398 hor-

305 1425 364 1474 ti,
395 1423 462 1464 seu
488 1420 603 1475 super
633 1434 685 1462 eo
711 1417 875 1474 aliquod
911 1418 1023 1459 aliud
1051 1415 1178 1458 forsan
1197 1415 1255 1469 jus
1283 1413 1337 1456 ad

303 1480 693 1526 Archidiaconatum
712 1477 898 1519 Ecclesia·
915 1474 1335 1528 Brundusiispeelare,

302 1542 345 1583 ἃ.
371 1539 541 1581 ἀίὶεέὶυε
562 1536 683 1579 Filius
714 1534 890 1592 ejusdem
909 1533 1333 1576 EccleliaeArchidia-

302 1612 426 1643 conus
447 1596 656 1638 donationi
685 1593 907 1649 hujusmodi
937 1608 1016 1635 non
1046 1591 1332 1642 consenserat,

303 1661 344 1701 δε
358 1668 572 1713 propterea
590 1653 860 1710 poffeffionem
875 1652 971 1694 difti
990 1653 1101 1695 horti
1112 1652 1161 1694 ad
1179 1650 1218 1692 se
1232 1664 1330 1692 avo-

303 1730 398 1761 care
425 1715 702 1771 praetendebat
718 1741 731 1763 ‚
758 1712 897 1754 dileeti
913 1711 1004 1754 Fliii
1019 1713 1297 1753 Communitas
1313 1737 1328 1760 ‚

303 1774 553 1818 &Homines
567 1771 676 1814 dic’tae
693 1772 882 1813 Civitatis
895 1772 944 1812 ad
961 1770 1220 1813 concordiam
1235 1782 1327 1811 cum

304 1835 414 1876 dieto
428 1831 732 1874 Archidiacono
759 1830 1017 1872 devenerunt
1033 1857 1047 1880 ‚
1077 1841 1150 1884 per
1166 1826 1326 1884 quarm,

301 1893 371 1948 ipsi
389 1891 525 1933 eidem
543 1890 868 1937 Archidiacono,
899 1888 1064 1945 ejusque
1081 1885 1325 1931 succeiiori-

300 1953 377 1994 bus
394 1951 543 1991 dietum
560 1948 943 1992 archidiaconatum
959 1961 1034 2004 pro
1051 1958 1240 2002 tempore
1254 1947 1326 1987 ob-

301 2011 474 2053 tenturis
499 2010 591 2050 οᾶο
607 2009 786 2050 Ducatos
815 2006 974 2063 singulis
997 2007 1108 2050 annis
1135 2020 1209 2061 pro
1230 2019 1325 2063 prae-

302 2069 419 2112 tenso
441 2067 526 2122 jure
541 2093 555 2116 ,
587 2064 652 2107 seu
670 2066 851 2112 dominio
870 2067 1030 2109 solvere
1044 2064 1327 2122 promiserunt,

304 2137 428 2184 prout
464 2128 504 2169 in
540 2125 814 2167 instrumento
833 2125 1074 2167 Concordiae
1105 2123 1330 2181 hujusmodi

306 2184 479 2241 desuper
495 2183 707 2226 celebrato
720 2181 876 2239 plenius
892 2184 1043 2227 dicitur
1060 2184 1287 2228 contineri.

364 2247 471 2287 Cum
488 2254 625 2285 autem
638 2270 654 2294 ,
687 2241 785 2286 sicut
800 2242 946 2286 eadem
961 2244 1157 2299 expositio
1174 2240 1328 2298 subjun.

303 2305 427 2360 gebat
444 2330 459 2353 ‚
489 2304 754 2356 Exponentes
782 2300 934 2358 praefati
952 2302 1229 2345 Concordiam
1256 2304 1329 2350 hu*

301 2361 500 2420 jusmodi,
534 2374 606 2415 pro
636 2360 744 2404 illius
764 2361 1006 2414 validitate,
1035 2363 1072 2403 8(
1090 2362 1330 2404 sublilientia

304 2420 546 2478 Apostolicae
562 2419 702 2461 nostrae
717 2419 1035 2462 confirmationis
1058 2420 1205 2463 robore
1221 2435 1331 2463 com-

303 2480 451 2524 muniri
466 2480 717 2533 summopere
733 2480 966 2522 deiiderent
988 2508 1000 2517 -
1034 2484 1120 2522 Nos
1137 2481 1228 2522 illos
1246 2480 1329 2533 spe-

305 2539 473 2582 cialibus
488 2537 692 2580 favoribus
708 2566 723 2588 ‚
755 2539 794 2580 &
811 2539 950 2594 gratiis
979 2538 1168 2596 prosequi
1187 2539 1330 2579 volen-

306 2609 368 2640 tes
384 2627 398 2649 ,
428 2599 468 2639 δε
491 2609 634 2639 eorum
651 2597 867 2652 singulares
882 2598 1066 2652 personas
1091 2602 1112 2641 a
1129 2599 1328 2654 quibusvis

305 2655 742 2698 excommunicationis
758 2658 834 2698 διε.
854 2655 1206 2711 supplicationibus
1233 2655 1327 2697 illo·

305 2728 398 2758 rum
415 2714 575 2755 nomine
592 2714 717 2756 Nobis
733 2713 849 2770 super
871 2717 946 2756 hoc
967 2717 1171 2758 humiliter
1190 2729 1325 2769 porre-

306 2774 382 2815 etis
413 2772 595 2813 inclinati
620 2800 635 2821 ‚
675 2771 953 2814 Concordiam
988 2775 1211 2829 praedidtam
1237 2800 1251 2822 ‚
1293 2774 1329 2812 Sc

306 2841 428 2889 prout
444 2830 552 2872 illam
567 2827 822 2874 concernunt
840 2859 853 2882 ‚
884 2834 1017 2874 omnia
1032 2861 1046 2883 ,
1077 2835 1117 2874 &
1131 2832 1330 2887 singulam

306 2892 416 2934 dicto
431 2890 703 2931 Instrumento
727 2900 918 2931 contenta
934 2918 949 2940 ,
967 2891 1076 2932 licita
1097 2904 1232 2933 tamen
1249 2919 1263 2942 ‚
1293 2891 1332 2932 δι

307 2948 745 2998 honesta‚authoritate
761 2950 990 3004 Apostolica
1009 2962 1150 2993 tenore
1166 2949 1331 3006 praesen-

307 3009 411 3050 tium
439 3005 705 3061 approbamus
726 3036 741 3058 ,
773 3009 813 3049 δι
831 3006 1110 3051 confirmamus
1126 3030 1144 3060 ,Δ
1175 3008 1331 3064 illisque

308 3065 555 3109 inviolabilis
572 3065 808 3120 Apostolicae
825 3063 1023 3109 firmitatis
1047 3069 1171 3110 robur
1191 3067 1332 3122 adjici-

306 3137 394 3165 mus
409 3153 424 3175 ,
455 3138 501 3165 ac
515 3138 657 3166 omnes
672 3127 711 3166 δε
726 3124 898 3180 singulos
914 3152 928 3175 ‚
959 3137 1042 3167 tam
1066 3126 1162 3181 juris
1175 3131 1332 3181 quarn..-

309 3181 401 3223 faffl
413 3180 594 3225 dese—&us
608 3212 623 3233 ‚
637 3182 661 3224 fi
679 3184 747 3240 qui
763 3183 935 3240 desuper
949 3185 1257 3240 quomodolibet
1274 3197 1332 3225 in-

310 3242 596 3293 tervenerint,
626 3240 877 3298 supplemus.
913 3246 1193 3287 Decernentes
1220 3246 1333 3284 Con·

312 3295 493 3338 cordiam
523 3299 777 3356 hujusmodi,
808 3316 884 3345 nec
905 3316 986 3344 non
1004 3301 1214 3357 praesentes
1239 3300 1332 3342 lite-

313 3367 376 3395 ras
392 3354 571 3406 validas,
601 3356 759 3410 firmas,
788 3362 829 3402 δι
855 3360 1042 3403 efficaces
1063 3361 1263 3409 existere,
1292 3359 1333 3398 &

313 3410 419 3476 fore,
435 3413 472 3451 δι
487 3415 535 3453 ab
550 3418 744 3467 omnibus,
759 3420 808 3461 ad
825 3433 925 3474 quos
942 3417 1105 3475 spreuit,
1118 3417 1329 3460 inviolabi-

315 3469 413 3533 liter
437 3469 662 3534 Obsed'vss’l·
696 3475 841 3530 Sitque
866 3491 938 3533 per
963 3477 1237 3534 qUOsCumqsse
1259 3479 1332 3532 Ju-

312 3526 662 3592 d¹ce⁸0rd¹¹39ri0s
678 3557 692 3579 ,
723 3534 758 3572 a<
780 3535 988 3591 delegatos
1006 3538 1159 3587 ‚etiam
1182 3537 1329 3578 Causa·

319 3597 407 3624 rum
431 3583 570 3647 Palatii
586 3587 801 3640 Apostolici
819 3595 1040 3637 Auditores
1061 3594 1229 3649 judicari
1245 3621 1258 3644 ,
1288 3593 1328 3632 &

317 3639 477 3682 defiffln
494 3641 678 3707 debefei
709 3661 753 3689 ac
767 3648 927 3695 irritum
943 3682 957 3705 ‚
971 3655 1140 3695 &inane
1157 3682 1171 3704 ,
1187 3655 1211 3693 si
1231 3651 1326 3707 quid

314 3697 426 3764 sefus
446 3695 559 3752 super
577 3701 644 3766 ¹¹¹⁸·
664 3703 684 3743 ἑ
700 3718 896 3761 quoquam
924 3714 1060 3765 quavis
1076 3712 1326 3753 authoritate

317 3754 494 3797 semme*
508 3781 522 3803 ²
556 3759 618 3822 ⁸¹5¹
636 3772 867 3813 'gnoranter
881 3771 1097 3823 contigerit
1112 3769 1330 3812 attentari.

315 3816 410 3858 Non
427 3814 674 3859 obstantibus
698 3817 764 3861 fel.
790 3837 875 3868 rec.
898 3827 1006 3871 Pauli
1021 3831 1079 3873 11.
1095 3829 1133 3873 &
1158 3829 1331 3873 aliorum

1401 419 1575 462 strorum
1599 419 1654 462 de
1691 418 1810 461 rebus
1846 417 2034 460 Ecclesiae
2060 432 2138 460 non
2171 413 2398 464 ‘alienandis
2416 450 2433 475 ,

1400 478 1566 534 aliisque
1589 476 1956 520 Constitutionibus
1981 476 2225 531 Apostolicis
2247 508 2262 531 ,
2293 480 2430 523 dieiae-

1397 550 1478 592 que
1495 536 1678 579 Ecclefiae
1695 536 1932 579 Brundulin.
1947 537 2073 577 etiam
2087 534 2431 591 juramento,con.

1398 594 1632 638 firmatione
1657 595 1891 649 Apostolica
1919 624 1934 647 ,
1968 593 2035 637 vel
2062 595 2200 649 quavis
2230 594 2425 641 firmitate

1400 651 1479 695 alia
1516 652 1716 694 roboratis
1740 653 1895 695 statutis
1923 684 1939 705 ,
1968 654 2007 694 &
2033 651 2390 697 consuetudinibus
2409 681 2424 706 ‚
2468 701 2469 704 Ἴ

1400 712 1635 767 caeterisque
1658 713 1873 754 contrariis
1896 711 2210 769 quibuscumque
2225 745 2235 752 .
2270 715 2426 756 Datum

1399 771 1541 820 Romae
1574 767 1680 823 apud
1713 772 1892 814 sanstam
1933 771 2101 813 Mariam
2129 769 2329 826 Majorem
2359 771 2428 814 sub

1392 830 1560 871 Annulo
1581 826 1793 870 piscatoris
1819 832 1887 873 die
1908 844 1969 872 ii.
1985 829 2170 872 octobris
2201 844 2425 883 mncxxixq

1391 886 1658 930 Pontificatus
1675 888 1812 932 Nostri
1828 891 1951 932 Anno
1966 889 2137 944 septimo
2151 916 2163 929 .

1917 1008 1975 1048 Μ.
1994 1007 2044 1048 Α.
2063 1005 2297 1050 Maraldus.

1459 1123 1519 1164 Ex
1544 1119 1698 1178 Regi-sto
1716 1122 1884 1165 Archivi
1909 1125 2052 1164 secret.
2083 1124 2271 1164 Bri-vium
2290 1123 2425 1182 Apostq'

1511 1181 1629 1238 meast
1642 1181 1691 1229 ἐς
1709 1182 1803 1223 anni
1807 1182 1937 1239 praed.
1943 1180 2020 1240 fol.
2044 1194 2116 1233 75„

1867 1319 2074 1332 ..η’--

2310 1319 2430 1335 ψ

1397 1419 1610 1469 Hortum
1643 1417 1823 1469 Domfis
1855 1418 2075 1469 Civitatis
2110 1414 2327 1466 Licienlis
2354 1409 2427 1466 an·

1465 1506 1557 1538 nuo
1591 1506 1765 1538 canone
1810 1504 2059 1558 gravatum
2113 1488 2337 1545 liberari,
2377 1486 2429 1541 <Sc

1462 1577 1577 1608 onus
1621 1560 1678 1609 ad
1713 1561 1855 1608 alium
1903 1557 2097 1608 fundum
2145 1556 2422 1618 transferri,

1461 1626 1687 1699 Episcopo
1715 1629 1807 1683 ἃς.
1841 1631 2128 1679 committit.

1390 1758 1428 1799 A
1445 1768 1590 1815 tergo:
1633 1756 1848 1798 Venerabili
1866 1760 2008 1800 Fratri
2027 1755 2203 1816 Epistopo
2221 1755 2416 1817 Licienst5

1527 1818 1605 1875 stu
1628 1815 1782 1858 DttebJo
1809 1818 1910 1860 Filio
1934 1817 2013 1874 ejas
2045 1820 2191 1860 vicario
2214 1818 2259 1860 in

1629 1874 1919 1931 spiritualibus
1946 1879 2132 1920 Generolt‘
2147 1906 2160 1919 .

1390 1997 1869 2051 URBANUS
1936 1999 2167 2047 PA-PA
2229 1995 2417 2045 VIII.

1483 2125 1716 2170 Venerabilis
1742 2128 1920 2177 Frater,
1952 2124 2028 2179 fta
2063 2122 2216 2167 Dilefiie
2250 2123 2337 2167 Fili

1626 2187 1804 2245 stilutem
1839 2185 1885 2232 θ’
1915 2182 2173 2239 Apostolicam

1739 2243 2045 2288 Benedmioncm
2058 2272 2070 2285 .

1493 2365 1631 2420 Xponi
1657 2364 1787 2406 Nobis
1810 2376 1936 2417 nuper
1952 2360 2139 2405 fecerunt
2162 2358 2307 2403 Dileffi
2328 2356 2422 2401 Filii

1521 2423 1776 2466 Guardianus
1791 2448 1805 2470 a
1830 2425 1869 2464 δι
1892 2425 2054 2467 Fratres
2081 2418 2232 2464 Domus
2255 2417 2425 2463 Ordinis

1394 2487 1601 2525 Minorum
1621 2484 1755 2527 sancii
1780 2482 1979 2524 Francisci
1998 2481 2302 2536 Capucinorum
2325 2490 2428 2519 nun-

1391 2555 1632 2597 cupatorum
1661 2541 1854 2583 Civitatis
1881 2540 2034 2582 Licien.
2054 2568 2067 2589 ‚
2099 2538 2205 2594 quod
2234 2537 2332 2579 alias
2361 2535 2423 2576 eis

1389 2606 1412 2644 a
1443 2601 1603 2642 Diletffto
1623 2599 1724 2641 Filio
1752 2599 1953 2640 Flaminio
1977 2601 2131 2648 Proto,
2150 2596 2303 2638 Licien.
2318 2619 2333 2641 s
2357 2594 2424 2634 seu

1391 2660 1556 2701 alterius
1577 2658 1788 2706 Dioecesis‚
1798 2656 1961 2712 quidam
1977 2660 2119 2698 hortus
2141 2655 2251 2698 diecae
2273 2650 2421 2695 Domui

1391 2720 1603 2774 contiguus
1626 2716 1777 2758 eisdem
1798 2717 2000 2758 Fratribus
2025 2712 2267 2757 necessarius
2291 2712 2423 2754 dona·
2476 2758 2479 2761 ,

1393 2777 1558 2819 ωεψΐυὶι
1585 2804 1598 2827 ,
1641 2776 1800 2831 ipfique.
1832 2775 1943 2817 illius
1967 2772 2249 2830 poiseffionem
2281 2768 2423 2824 adepti

1391 2832 1482 2878 su'nt
1501 2865 1512 2877 .
1537 2833 1706 2885 Verum,
1723 2836 1816 2890 quia
1838 2835 1977 2876 liortus
2003 2831 2229 2889 hujusmodi
2244 2831 2422 2887 quodam

1393 2894 1512 2937 censu
1530 2907 1664 2936 annuo
1678 2923 1693 2944 ,
1722 2894 1790 2936 seu
1803 2906 1926 2935 onere
1943 2919 1957 2941 a
1987 2904 2155 2948 propter
2170 2904 2293 2947 quem
2309 2917 2324 2940 ,
2354 2886 2423 2928 seu

1393 2954 1501 3010 quod
1518 2983 1533 3004 ,
1559 2966 1659 2996 unus
1679 2956 1856 2995 Ducatus
1873 2966 2026 2994 annuus
2043 2951 2191 2994 Abbati
2218 2963 2289 3003 pro
2314 2956 2420 2988 tem-

1388 3009 1492 3068 'pore
1514 3012 1698 3054 existenti
1718 3011 1904 3054 Pcclefiae
1921 3014 2068 3052 5³⁰&ae
2083 3009 2219 3052 Mariae
2233 3004 2421 3048 dcll’Aleo

1390 3082 1628 3125 nuncupatae
1647 3070 1800 3113 Licien.
1822 3069 2013 3111 Dioecefis
2040 3068 2215 3108 debetur
2231 3091 2246 3113 ‚
2275 3075 2419 3119 grava-

1396 3140 1460 3171 tus
1476 3129 1605 3170 existit
1622 3142 1635 3180 3
1662 3129 1786 3170 Nobis
1802 3138 2020 3182 propterea
2037 3128 2297 3180 Exponentes
2322 3134 2419 3177 prae-

1394 3189 1489 3231 disti
1508 3186 1718 3229 humiliter
1741 3185 1949 3241 supplicati
1965 3182 2153 3227 fecerunt
2169 3210 2181 3232 ,
2205 3191 2246 3223 ut
2265 3180 2303 3223 in
2319 3193 2416 3236 prae-

1395 3245 1511 3288 miffis
1526 3244 1750 3300 opportune
1769 3272 1782 3295 ‚
1807 3254 1851 3284 ut
1876 3241 1976 3285 infra
1990 3272 2004 3294 ,
2020 3240 2238 3299 providere
2263 3239 2316 3282 de
2348 3242 2419 3283 be-

1394 3305 1594 3360 nignitate
1611 3303 1837 3357 Apostolica
1862 3303 2127 3357 dignaremur
2145 3329 2155 3341 .

1455 3367 1538 3405 Nos
1571 3362 1691 3416 igitur
1726 3360 1853 3403 dic‘los
1875 3363 2138 3417 Exponentes
2175 3355 2413 3415 specialibus

1393 3421 1597 3463 favoribus
1613 3449 1626 3470 ,
1647 3421 1685 3460 δι
1704 3420 1841 3474 gratiis
1860 3419 2043 3477 prosequi
2062 3418 2249 3462 volentes
2263 3443 2276 3464 ‚
2289 3418 2328 3456 &
2342 3427 2415 3456 eo-

1393 3480 1711 3533 rum-fingulares
1731 3479 1916 3534 personas
1930 3481 1952 3522 ὲ
1966 3478 2164 3533 quibusvis
2180 3485 2412 3518 excommu-

1391 3538 1601 3580 nicationis
1625 3539 1701 3579 &c-
1733 3538 1933 3581 absolutas
1961 3537 2051 3579 fore
2073 3533 2311 3582 censenteS‚
2339 3532 2412 3572 hu-

1390 3595 1558 3651 jusmodi
1584 3595 1942 3650 supplicationibus
1970 3595 2179 3642 inclinati,
2210 3590 2412 3633 Fraterni-

1390 3655 1464 3696 tati
1489 3656 1610 3703 Tua,
1639 3657 1781 3695 Frater
1809 3656 2003 3710 Episcope
2024 3679 2038 3701 2
2069 3652 2135 3693 seu
2169 3648 2410 3692 Discretioni

1390 3715 1512 3763 Tuae,
1541 3712 1615 3753 Fili
1642 3714 1834 3762 vicarie,
1861 3727 1932 3768 per
1959 3709 2164 3765 praesentes
2180 3707 2406 3751 committi-

1392 3785 1476 3814 mus
1491 3798 1505 3820 ,
1529 3773 1563 3812 &
1588 3771 1824 3812 mandamus
1845 3798 1859 3820 ‚
1884 3780 1926 3812 ut
1941 3770 2089 3811 diuum
2106 3769 2264 3810 hortum
2281 3770 2300 3809 τὶ
2317 3781 2410 3809 cen.

1391 3831 1430 3889 su
1448 3860 1462 3884 ,
1486 3825 1554 3874 seu
1570 3843 1694 3873 onere
1716 3827 1972 3887 hujusmodi,
1995 3827 2218 3873 dummodo
2244 3825 2411 3925 expr‘ef-

2366 3898 2408 3926 us
