2618 4108
251 331 425 376 maniam
455 343 531 385 pro
554 326 744 384 gravibus
762 354 777 379 ,
806 322 1079 374 &servitium
1106 324 1288 384 ejusdem

249 391 478 447 Religionis
495 387 723 429 Catholicae
740 415 753 438 ,
784 399 856 428 nec
874 400 953 428 non
973 385 1098 428 totius
1118 385 1287 440 Imperii

247 446 595 492 concernentibus
634 445 808 502 negotiis
837 445 1136 500 pertraEtandis
1166 443 1189 486 a
1212 442 1283 486 fel.

247 508 412 550 record.
430 503 640 559 Gregorio
662 508 769 561 Papa
785 506 878 547 XV.
895 503 1187 547 Praedeceffore
1214 517 1286 545 no-

248 568 328 610 stro
343 561 477 606 missus
495 561 619 605 fueris
631 592 644 615 ,
657 565 697 606 δε
711 578 786 620 pro
803 563 847 606 iis
862 565 902 604 &
918 563 1005 606 aliis
1025 563 1200 618 negotiis
1214 563 1290 604 hu·-

249 623 420 683 julinodi
439 626 480 664 ‘in
497 621 731 678 Hispaniam
746 651 760 674 ‚
788 622 965 667 Galliam
978 652 992 675 ,
1015 623 1205 679 Belgium
1219 650 1233 673 ,
1248 623 1287 662 δε

248 684 347 726 alias
368 682 573 736 Regiones
592 710 608 733 ,
633 692 754 737 prout
788 683 942 726 occasio
957 695 1176 737 rerumque
1190 693 1286 736 qua-

247 742 342 785 litas
367 741 585 795 exegerit,
621 743 663 783 &
696 739 792 796 jutsu
821 741 956 784 nostro
990 739 1220 796 proficisci,
1246 741 1286 780 δι

249 801 416 856 negotia
435 799 619 855 praedid'ta
634 815 726 844 cum
742 801 993 858 Principibus
1005 829 1019 852 ,
1033 802 1071 841 δι
1085 798 1174 841 aliis
1191 800 1298 840 Per·-

257 861 367 904 sonis
385 861 558 902 tractate
574 862 636 905 Te
649 869 868 918 oporteat,
896 859 1051 902 idcirco
1066 868 1179 901 motu
1195 871 1288 913 pro-

256 922 347 978 prio
362 948 377 970 ,
404 931 484 961 non
510 917 559 960 ad
575 930 684 963 tuam
700 947 714 970 ‚
752 919 816 962 vel
838 920 1008 962 alterius
1033 932 1109 972 pro
1124 919 1185 960 Te
1201 919 1291 959 No-

253 982 316 1024 bis
332 978 539 1034 superhoc
564 979 710 1023 oblata:
721 979 931 1035 petitionis
947 976 1171 1021 instantiam
1189 1005 1203 1028 ,
1222 974 1289 1018 sed

255 1053 306 1082 ex
322 1048 434 1080 certa
454 1036 635 1090 scientia,
652 1053 698 1081 ac
714 1038 1015 1081 deliberatione
1030 1035 1170 1078 nostris
1182 1064 1197 1087 ,
1216 1035 1290 1076 Ti—

253 1099 295 1141 bi
313 1111 386 1153 per
408 1094 619 1151 praesentes
635 1099 671 1141 in
688 1099 845 1141 virtute
860 1101 901 1141 S.
919 1095 1163 1139 obedientiae
1177 1109 1290 1136 com-

256 1158 460 1200 mittimus
477 1157 513 1197 &
537 1156 773 1200 mandamus
789 1185 802 1207 ,
826 1166 870 1200 ut
888 1171 961 1213 pro
975 1155 1138 1211 negotis
1155 1151 1293 1209 hujus-

253 1217 368 1258 modi
396 1216 611 1260 traflandis
636 1217 684 1258 ad
710 1214 893 1271 praefatas
919 1243 933 1266 ,
975 1216 1015 1255 &
1038 1213 1292 1269 quascunque

255 1274 352 1318 alias
382 1275 587 1329 Regiones
613 1277 653 1316 &
682 1275 912 1317 Provincias
939 1302 953 1326 ‚
995 1273 1062 1315 ubi
1085 1285 1186 1326 opus
1212 1269 1291 1313 effe

255 1335 423 1377 duxeris
438 1362 451 1384 ,
479 1332 647 1376 accedas
664 1362 678 1383 ,
707 1334 894 1387 dietaque
909 1333 1075 1388 negotia
1095 1331 1200 1382 iuxta
1217 1329 1290 1371 da·

253 1403 336 1436 um
368 1391 462 1434 Tibi
495 1393 515 1433 a
547 1392 723 1434 Domino
749 1392 1036 1448 prudentiam,
1071 1388 1290 1431 secundum

251 1451 314 1494 rei
337 1453 374 1492 &
393 1450 504 1493 casiis
531 1451 775 1508 exigentiam
803 1451 1043 1494 auctoritate
1070 1448 1204 1491 nostra
1219 1461 1292 1503 ge-

251 1524 320 1554 ras
336 1537 351 1561 ,
379 1511 419 1551 &
432 1513 579 1554 trad‘tes
595 1540 606 1552 .
645 1511 854 1570 Quoniam
870 1510 970 1554 vero
992 1512 1055 1552 Te
1068 1506 1116 1551 ea
1133 1537 1147 1559 ,
1173 1520 1294 1560 quam

252 1578 468 1626 optamus,
497 1572 534 1612 &
554 1569 751 1625 expedit,
785 1568 1028 1619 celeritate,
1051 1568 1104 1610 ob
1120 1566 1293 1610 infirmas

254 1628 441 1684 corporis
473 1629 533 1673 tui
551 1630 654 1672 vires
685 1628 858 1685 pedibus
876 1626 1071 1684 proficisci
1097 1640 1175 1668 non
1191 1625 1298 1681 posse

253 1686 506 1744 perspectum
528 1688 722 1732 habemus
738 1717 752 1740 ,
780 1699 920 1736 motu,
951 1687 1118 1730 scientia
1133 1713 1147 1735 ,
1173 1685 1298 1726 &de-

253 1747 509 1790 liberatione
529 1747 720 1790 similibus
735 1773 750 1796 ‚
772 1747 900 1799 Tibi,
929 1747 1054 1788 etiam
1077 1745 1115 1786 in
1133 1744 1298 1787 Virtute

251 1804 392 1849 sanstae
414 1807 658 1849 obedientiae
681 1820 755 1862 per
775 1805 936 1849 easdem
950 1803 1170 1862 fpraesentes
1185 1818 1296 1846 com-

251 1864 485 1916 mittimus,
521 1868 559 1908 &
588 1865 823 1908 mandamus
844 1895 858 1917 ,
891 1875 936 1907 ut
963 1877 1072 1920 equo
1097 1891 1112 1915 ,
1143 1877 1187 1904 ac
1215 1863 1297 1904 alio

250 1924 365 1969 omni
391 1924 550 1968 meliori
569 1925 663 1968 Tibi
687 1923 858 1982 possibili
888 1923 1040 1974 modo,
1066 1920 1143 1963 una
1169 1936 1294 1966 cum-2

248 1983 381 2028 Sociis
409 1984 470 2026 tui
488 1984 682 2032 ordinis,
717 1985 786 2040 qui
807 1983 900 2026 Tibi
924 1981 948 2024 ἓ
963 1996 1008 2024 re
1024 1980 1293 2032 videbuntur,

249 2043 403 2097 ubique
421 2041 606 2084 locorum
635 2043 682 2085 ad
712 2053 822 2085 tuam
837 2041 1080 2097 electionem
1096 2038 1293 2082 assumen-

249 2103 313 2145 dis
332 2129 346 2151 ‚
375 2099 600 2153 hujusmodi
632 2100 711 2142 iter
740 2099 864 2143 facias
883 2126 898 2149 a
930 2100 1080 2154 eosque
1101 2096 1166 2140 sex
1195 2097 1293 2140 alios

249 2162 315 2203 cui
330 2157 498 2200 Ordinis
527 2158 758 2214 Religiosos
778 2188 792 2210 ,
824 2172 1071 2215 quocunque
1094 2171 1195 2213 opus
1213 2155 1293 2199 effe

247 2218 519 2277 judicaveris,
536 2233 612 2275 pro
627 2218 765 2261 iisdem
782 2218 956 2273 negotiis
972 2215 1140 2268 ,eadem
1161 2217 1298 2257 anfio-

246 2279 377 2321 ritate
391 2277 522 2319 nostra
542 2280 683 2320 mittas
699 2307 714 2328 ,
740 2291 823 2320 non
847 2276 1097 2318 obstantibus
1115 2273 1297 2316 Ordina-

248 2338 429 2381 tionibus
459 2363 474 2386 ,
514 2339 555 2379 &
597 2336 968 2378 Constitutionibus
1009 2333 1253 2389 Apostolicis
1277 2363 1293 2387 ,

250 2394 502 2451 cot-terisque
521 2396 739 2439 contrariis
757 2396 1088 2453 quibuscunque.

309 2458 464 2497 Datum
484 2456 624 2498 Romae
655 2455 760 2510 apud
781 2458 822 2496 S.
841 2458 1011 2498 Petrum
1040 2452 1112 2494 sub
1128 2451 1296 2496 Annulo

248 2513 467 2557 Piscatoris
493 2512 560 2557 die
589 2529 650 2558 ti.
676 2514 919 2558 Decembris
936 2525 1169 2557 mocxxiu.
1187 2514 1293 2556 Pon-

248 2572 428 2629 tificatfis
454 2572 577 2617 nostri
598 2588 705 2618 anno
718 2574 879 2631 primo.

829 2750 1052 2794 V-Teatin.

311 2937 374 2977 Ex
389 2929 508 2975 Arcb.
526 2924 757 2971 secretaria
773 2929 960 2971 Bra-vium
977 2926 1281 2983 Apostolicorum

349 2989 521 3113 ss5g3st8a
559 2986 692 3048 mensis
729 2987 782 3040 ὠ·
823 2990 919 3033 anni
950 2987 1278 3044 pradietorum,

1082 204 1609 322 Custodia·

1347 325 1511 377 Eidem
1540 328 1621 376 SS.
1645 319 1794 375 Missae
1822 318 2110 373 Sacrificium
2138 329 2379 373 una—ante

1416 397 1627 447 diurnam
1644 397 1793 447 lucem
1818 391 1868 444 ὅ(
1891 392 1976 442 alia
1991 390 2119 461 -post
2143 392 2381 443 meridiem

1415 495 1430 505 ·
1440 469 1563 518 horis
1582 465 1841 518 celebrandi
1855 460 2121 514 facultatem
2131 463 2346 532 largitur.

1376 610 1411 652 A
1427 618 1573 665 tergo:
1593 607 1747 652 Diieb‘lo
1764 608 1869 653 Filio
1881 635 1896 660 ,
1914 585 2174 660 Hyacintbad
2190 601 2323 660 Casblt'
2338 631 2355 657 ,
2386 632 2390 636 -

1467 668 1626 711 Ordinis
1644 672 1839 713 Fratrum
1849 670 2056 711 Minorum
2079 668 2121 706 S.
2137 666 2269 715 Fran-7

1490 727 1594 786 *cisti
1612 731 1898 784 Capacinorum
1911 732 2229 779 nuncupatorum,

1755 784 1975 846 Profcfflri.

1353 918 1833 975 URBANUS
1902 918 2131 966 PAPA
2194 917 2382 967 VIII.

1468 1037 1624 1082 DilebJe
1637 1036 1898 1095 Filisblutcm
1909 1065 1923 1089 ,
1943 1033 1996 1084 ὠ·
2012 1031 2270 1090 Apostolicam

1699 1094 2011 1141 Benediffionem
2027 1120 2039 1134 .

1441 1214 1630 1260 Piritunli
1657 1213 1923 1260 consolationi
1949 1223 2054 1262 tute,
2078 1210 2272 1267 quantum
2292 1225 2385 1256 cum
2423 1222 2425 1226 ·

1460 1275 1637 1320 Domino
1663 1269 1861 1330 possumus
1885 1303 1900 1327 ,
1938 1270 2114 1326 benigne
2138 1267 2352 1314 consulere
2368 1302 2386 1325 ,

1354 1337 1498 1391 Teque
1512 1333 1751 1389 specialibus
1763 1329 1968 1377 favoribus
1980 1329 2168 1386 prosequi
2183 1329 2388 1383 volentes,

1350 1395 1391 1435 &
1414 1395 1434 1436 a
1453 1392 1656 1450 quibusvis
1675 1389 2105 1436 excommunicationis
2122 1389 2199 1430 ἃς.
2216 1387 2387 1432 censen-

1355 1461 1418 1495 tes
1432 1480 1447 1503 ,
1474 1451 1830 1508 supplicationibus
1852 1462 1926 1495 tuo
1939 1450 2100 1492 nomine
2117 1447 2245 1491 Nobis
2259 1448 2386 1492 humi.

1357 1511 1452 1556 liter
1483 1510 1680 1566 porrectis
1708 1510 1890 1553 inclinati
1909 1538 1924 1562 ,
1950 1508 2072 1558 Tibi,
2101 1517 2145 1548 ut
2175 1507 2386 1551 sacrosan-

1360 1574 1465 1613 &um
1490 1568 1611 1613 Milsae
1627 1567 1878 1612 Sacrificium
1901 1581 1975 1623 per
1999 1579 2116 1610 unam
2130 1587 2146 1596 -
2161 1575 2255 1606 ante
2272 1566 2387 1609 diur-

1360 1645 1451 1673 nam
1469 1631 1624 1680 lucem,
1639 1629 1679 1670 δι
1694 1629 1777 1684 post
1789 1628 2002 1672 meridiem
2022 1639 2095 1682 pet·
2110 1623 2255 1667 aliam·
2268 1625 2386 1668 horas

1361 1689 1515 1733 tantum
1543 1687 1760 1732 celebrare
1787 1686 1917 1731 libere
1941 1684 2107 1728 &licite
2128 1683 2290 1735 valeas,
2316 1698 2389 1727 ne-

1360 1763 1438 1803 que
1466 1748 1503 1791 id
1522 1748 1614 1790 Tibi
1637 1747 1686 1791 ad
1709 1747 1869 1804 culpam
1891 1756 2011 1803 queat
2029 1742 2249 1799 imputari,
2272 1746 2389 1801 Apo-

1361 1807 1497 1850 stolica
1513 1807 1770 1850 Aufiloritate
1784 1833 1799 1854 2
1820 1817 1965 1850 tenore
1986 1803 2231 1861 praesentium
2255 1801 2389 1845 licen-

1359 1868 1457 1910 tiam
1473 1866 1736 1910 concedimus
1750 1889 1766 1912 ,
1780 1866 2090 1921 &impertimur
2105 1891 2120 1915 ,
2132 1875 2213 1907 non
2226 1861 2388 1905 obstan-

1359 1927 1464 1968 tibus
1481 1925 1914 1976 Constitutionibus,&
1925 1920 2259 1966 ordinationibus
2274 1922 2387 1977 Apo·

1355 1984 1505 2026 stolicis
1520 2012 1533 2034 ,
1562 1981 1807 2040 caeterisque
1829 1980 2041 2026 contrariis
2054 1976 2384 2035 quibuscumque.

1359 2041 1529 2086 Proviso
1543 2052 1680 2086 tamen
1693 2068 1708 2091 a
1731 2042 1840 2097 quod
1856 2039 2084 2096 hujusmodi
2100 2036 2259 2079 indulto
2272 2038 2385 2081 cele..

1354 2101 1498 2144 brandi
1517 2111 1610 2143 ante
1627 2101 1764 2143 lucem
1779 2100 1900 2155 parce
1917 2099 2066 2150 utaris,
2092 2096 2184 2152 quia
2198 2123 2213 2146 ,
2228 2111 2320 2139 cum
2336 2098 2379 2142 in

1359 2160 1511 2204 Altaris
1528 2159 1752 2202 Ministerio
1765 2158 2001 2201 immoletur
2016 2156 2211 2199 Dominus
2226 2155 2378 2208 noster,

1360 2220 1439 2261 Dei
1455 2217 1579 2262 Filius
1594 2248 1607 2270 ,
1624 2218 1734 2274 Jesus
1749 2218 1937 2260 Christus
1954 2244 1968 2268 ‚
1994 2217 2060 2273 qui
2080 2213 2235 2257 candor
2249 2215 2306 2257 est
2319 2214 2384 2257 lu-

1355 2279 1415 2320 cis
1429 2289 1614 2327 aeternae,
1634 2278 1819 2334 congruit
1846 2278 1923 2319 hoc
1952 2289 2029 2320 non
2057 2273 2181 2318 noetis
2203 2274 2382 2318 tenebris

1357 2336 1473 2386 fieri,
1504 2337 1570 2380 sed
1599 2337 1638 2378 in
1660 2336 1779 2381 luce.
2302 2364 2304 2366 -

1417 2399 1571 2440 Datum
1599 2397 1740 2439 Romae
1764 2394 1867 2452 apud
1891 2398 1931 2438 S.
1949 2395 2118 2438 Mariam
2141 2392 2382 2448 Maiorem..

1357 2453 1426 2498 sub
1452 2454 1614 2498 Annulo
1645 2455 1860 2498 piscatoris
1883 2455 1952 2498 die
1977 2453 2381 2510 11.Juliimncxx1v.

1356 2511 1621 2561 Pontificatsis
1639 2514 1761 2558 nostri
1777 2517 1897 2558 Anno
1908 2513 2041 2572 primo
2051 2540 2063 2553 .

2041 2589 2095 2633 V.
2123 2587 2352 2634 Theatinus
2367 2619 2380 2633 .

1406 2716 1470 2757 Ex
1495 2711 1665 2756 Archivo
1688 2714 1832 2753 secret.
1858 2710 2046 2752 Brevium
2073 2705 2380 2765 Apostolicorum

1462 2770 1618 2830 Regesto
1643 2776 1761 2829 mens.
1778 2770 1826 2818 (ς’
1851 2769 1947 2811 anni
1962 2766 2144 2825 praedm.
2167 2766 2251 2825 sol.
2269 2767 2366 2821 362.

2006 2900 2142 2917 u—

1342 2972 1554 3023 Eundem
1593 2989 1677 3041 pro
1714 2969 1976 3041 Legationis
2014 2967 2209 3037 negotiis
2250 2981 2375 3015 com-

1409 3043 1623 3095 mendat.

1364 3163 1402 3205 A
1432 3171 1575 3219 tergo:
1604 3160 1773 3203 1317chae
1796 3160 1840 3201 in
1871 3155 2023 3211 Cbrtfllo
2042 3155 2184 3204 Filia,
2203 3153 2341 3198 Nobili

1424 3224 1608 3268 Mulieri,
1624 3218 1795 3276 lsabellae
1804 3216 1999 3261 Archiduc
2005 3213 2082 3272 {ffae
2089 3213 2280 3272 Austriae,

1521 3279 1806 3339 Hispaniarum
1827 3274 2003 3336 Infanti,
2029 3274 2179 3317 Viduae.

1335 3389 1827 3444 URBANUS
1901 3387 2113 3436 PAPA
2181 3385 2368 3434 VIII.

1392 3508 1556 3555 DileHa
1568 3507 1611 3551 in
1624 3505 1776 3564 Christo
1803 3504 1915 3550 Filia
1928 3532 1943 3555 ,
1959 3502 2113 3546 Nobilis
2125 3501 2278 3548 Mulier
2291 3531 2307 3557 ,

1569 3567 1750 3625 salutem
1779 3564 1832 3616 ό*
1859 3561 2124 3620 Apostoltcam

1680 3623 1988 3667 BenediHioncm
2002 3647 2015 3661 .

1484 3746 1699 3800 Agnorum
1719 3740 1977 3786 exercituum
2002 3738 2158 3782 animos
2181 3753 2329 3797 gerens
2343 3766 2359 3791 2

1330 3745 1468 3863 M
1503 3806 1544 3849 &
1566 3817 1679 3849 arma
1700 3801 1802 3850 lucis
1819 3800 2045 3859 stringens,
2072 3801 2362 3903 Germapliam,

2271 3871 2303 3901 1-
