2618 4108
955 226 1503 340 Aprutina.

197 339 393 399 praemiffis
417 342 602 387 notitiam
625 357 703 387 non
730 341 956 392 babentes,
985 341 1212 399 hujusmodi

195 403 550 458 supplicationibus
576 403 784 454 inclinati,
815 401 1072 443 fraternitati
1091 400 1211 448 Tuae,

196 464 340 504 Frater
355 459 549 516 Episcope
562 489 578 511 ‚
594 462 657 503 seu
673 458 914 502 Discretioni
937 469 1027 507 tuae‚
1043 457 1119 501 Fili
1137 458 1211 499 Vi·-

198 518 399 574 carie‚per
420 519 628 573 praesentes
644 517 933 560 committimus
949 544 964 566 ‚
988 517 1028 557 &
1043 515 1211 558 manda-

196 589 280 618 mus
292 605 307 628 ‚
328 586 519 631 quatenus
535 576 739 618 Fratribus
752 573 846 615 disti
862 573 1041 625 Ordinis,
1055 583 1097 616 ut
1111 587 1208 629 prae-

193 634 346 676 dictum
371 635 484 678 situm
513 633 649 676 Sorori
671 632 767 673 dieti
791 630 993 674 testatoris
1013 662 1029 683 ,
1065 634 1130 674 vel
1157 632 1208 676 de

194 691 281 748 ejus
295 723 310 744 ,
334 707 379 736 ac
395 703 469 737 tuo
483 721 498 745 ,
517 693 554 734 δι
572 689 850 735 Univerfitatis
868 688 1096 745 hujusmodi
1109 703 1208 733 con-

195 752 306 793 sensu
338 779 352 802 ‚
390 751 456 794 alii
499 750 718 804 cuicunque
757 747 936 804 personae
973 762 1047 804 pro
1074 748 1208 805 pretio

193 809 402 864 reperibili
418 806 618 858 vendere,
641 808 681 847 &
707 810 884 861 pretium
910 805 1134 861 hujusmodi
1164 808 1204 848 in

192 868 398 912 subfidium
414 879 552 908 eorum
567 864 722 908 sabricae
735 875 978 908 convertere
992 865 1122 907 libere
1135 893 1150 917 ‚
1165 867 1203 906 Sc

193 926 304 970 licite
327 952 342 975 ,
368 938 414 967 ac
441 920 585 979 absque
617 923 703 966 ullo
729 923 982 967 conscientiae
1018 922 1206 978 scrupulo

194 983 353 1042 poffint,
363 985 400 1024 &
415 981 834 1029 valeant,auctoritate
846 982 974 1024 nostra
987 982 1203 1031 concedas,

195 1047 234 1086 &
251 1041 482 1093 indulgeas:
508 1040 669 1082 irritum
683 1053 844 1095 quoque
868 1041 908 1080 δι
926 1041 1045 1081 inane
1059 1039 1204 1081 decer·

194 1099 312 1152 nas‚fi
333 1098 444 1142 secus
457 1096 574 1154 super
587 1099 645 1140 his
659 1099 683 1141 a
696 1111 899 1153 quoquam
912 1098 1047 1152 quavis
1067 1099 1203 1139 aucto-

195 1161 318 1204 ritate
331 1157 504 1200 scienter
518 1184 534 1207 ,
563 1155 632 1198 vel
646 1156 877 1209 ignoranter
899 1155 1117 1208 contigerit
1138 1165 1202 1197 at-

197 1216 376 1260 tentari.
408 1217 502 1257 Non
522 1213 766 1254 obstantibus
783 1211 877 1253 dicti
895 1213 1112 1254 Testatoris
1129 1226 1202 1254 vo-

198 1277 357 1318 luntate
373 1298 388 1322 ‚
416 1271 583 1326 quamin
597 1269 638 1311 id
657 1298 671 1321 ‚
693 1270 877 1325 &quoad
894 1268 1080 1324 praemiffa
1098 1268 1205 1312 suffi-

200 1334 353 1377 cienter
365 1359 381 1380 ,
402 1330 441 1370 δι
455 1325 640 1383 expresse
659 1327 838 1369 volumus
853 1328 1111 1370 commutari:
1128 1341 1202 1370 nec

199 1405 279 1434 non
294 1418 308 1440 ,
333 1395 524 1444 quatenus
538 1399 639 1440 opus
654 1384 723 1435 fit,
758 1383 885 1428 felicis
899 1400 982 1427 rec.
999 1387 1111 1428 Pauli
1129 1388 1206 1427 Pa-

197 1463 255 1506 pae
271 1449 322 1489 11.
346 1442 640 1500 praedecefforis
665 1443 783 1485 nostri
810 1444 862 1486 de
887 1446 1004 1486 rebus
1021 1443 1208 1488 Ecclefiae

197 1521 276 1551 non
293 1501 513 1548 alienandis
527 1530 540 1553 ‚
561 1515 607 1544 ac
623 1500 824 1557 quibusvis
839 1503 924 1545 aliis
940 1502 1207 1545 Constitutio-

197 1566 312 1610 nibus
338 1564 377 1603 δε
393 1559 728 1603 Ordinationibus
741 1560 978 1616 Apostolicis
992 1589 1006 1610 ‚
1034 1574 1110 1603 nec
1127 1574 1206 1602 non

199 1619 354 1667 Domfis
370 1617 606 1675 Regulam,
640 1619 678 1659 δι
693 1619 854 1660 Ordinis
871 1618 1087 1675 hujusmodi
1104 1619 1212 1675 jura-

199 1689 341 1724 mento
354 1705 367 1728 ,
379 1679 419 1718 δε
432 1674 740 1720 confirmatione
756 1679 788 1718 A
795 1677 985 1732 postolica
998 1706 1012 1728 ,
1030 1688 1099 1719 aut
1114 1691 1211 1732 qua-

197 1742 266 1788 yis
295 1737 373 1779 alia
397 1735 586 1777 firmitate
612 1735 811 1777 roboratis
840 1735 992 1778 statutis
1008 1765 1022 1786 ,
1052 1737 1091 1776 δε
1111 1749 1210 1777 con-

201 1793 729 1848 suetudinibus‚caeterisque
743 1794 952 1835 contrariis
966 1794 1215 1850 quibuscum-

202 1869 283 1914 que
297 1883 308 1894 .
342 1856 492 1894 Datum
519 1852 659 1891 Romae
680 1852 785 1905 apud
812 1854 851 1893 S.
867 1854 1030 1894 Petrum
1049 1850 1115 1892 sub
1133 1855 1218 1894 An-

203 1911 299 1957 nulo
313 1908 523 1952 Piscatoris
537 1907 604 1947 die
618 1920 662 1947 x1
677 1920 692 1947 1
706 1921 738 1948 ι.
755 1910 992 1952 Decembris
1005 1922 1215 1951 Mncxxvr.

203 1966 467 2016 Pontificatus
483 1964 605 2009 nostri
622 1967 741 2006 Anno
753 1976 898 2021 quarto
911 1995 922 2006 .

833 2085 877 2124 B.
890 2082 1076 2142 Buspalus
1092 2112 1105 2125 .

267 2260 476 2313 Exemplar
501 2255 542 2296 in
569 2257 736 2301 Archiae
767 2259 953 2301 Generali
968 2256 1125 2301 Ordinis
1143 2261 1224 2307 Δι’-ζ

325 2320 449 2360 marie
472 2315 684 2358 Provincia
699 2318 898 2374 Apru'tina
913 2345 924 2357 .

977 2444 1195 2507 ΝΟ

2064 251 2234 339 209

1458 340 2083 387 DECRETO

1372 455 1464 507 Sac-
1496 456 1738 527 Congregat.
1774 458 1910 527 Episc.
1942 460 1998 512 (9·
2029 459 2188 528 Regul-

1268 586 1554 636 Erestionem
1585 602 1714 634 novae
1745 585 1928 635 Domiis
1953 587 1999 636 in
2029 590 2173 638 Terra
2201 591 2297 636 Ra-

1333 656 1454 705 diani
1487 655 1513 701 ὲ
1550 656 1640 702 ΡΡ.
1658 652 1937 705 Reformatis
1962 658 2176 727 impediri
2200 674 2294 707 non

1337 721 1458 794 poffe
1499 721 1698 772 sancitur
1715 759 1726 774 .

1386 864 1484 906 UM
1508 863 1677 903 Fratres
1705 860 1884 905 Minores
1907 862 1961 906 de
1989 864 2291 909 Obffirvantifi

1400 919 1629 963 Reformati
1665 922 1705 962 S.
1726 919 1928 963 Francisci
1951 923 2257 976 praetenderent
2270 951 2289 974 ,

1264 982 1428 1022 Fratres
1470 977 1709 1032 Capucinos
1743 991 1820 1020 non
1865 977 1971 1034 poffe
2012 982 2174 1036 erigere
2215 995 2293 1024 no-

1264 1047 1356 1078 vum
1373 1040 1638 1079 conventum
1659 1035 1699 1077 in
1718 1037 1846 1079 Terra
1863 1035 2035 1080 Radiani
2051 1040 2295 1081 Sulmonen.

1265 1097 1401 1138 Dioec.
1420 1093 1545 1136 stante
1576 1090 1794 1148 praescrtim
1825 1095 2023 1138 sententia
2049 1096 2098 1139 ad
2120 1097 2292 1153 ipsorum

1263 1151 1446 1197 favorem
1472 1148 1554 1193 lata
1581 1152 1622 1193 in
1645 1163 1763 1207 parte
1783 1153 2017 1208 &partibus
2046 1168 2121 1209 per
2135 1154 2299 1209 Episco-

1266 1226 1360 1268 pum
1380 1210 1712 1264 Sulmonensem5
1736 1211 1855 1254 causa
1884 1211 2107 1269 hujusmodi
2138 1213 2178 1254 in
2204 1225 2299 1267 gra-

1265 1270 1318 1312 du
1334 1268 1618 1325 appellationis
1637 1268 1867 1312 introduci-³.
1883 1270 1922 1312 in
1940 1274 1981 1314 S.
1996 1270 2296 1327 Congregatio.

1267 1326 1659 1379 ne‚Eminentiffimi
1685 1327 1863 1384 ejusdem
1888 1331 1928 1371 S.
1946 1327 2297 1386 Congregatiouis

1270 1388 1415 1429 Patres
1446 1384 1530 1426 vifis
1548 1386 1642 1427 aistis
1670 1387 1709 1427 δι
1727 1386 1971 1441 processibus
1999 1401 2168 1429 unacum
2183 1386 2298 1429 testi-

1271 1446 1344 1487 bus
1374 1445 1464 1487 hinc
1491 1442 1586 1485 inde
1605 1445 1841 1487 examinatis
1864 1474 1879 1496 ‚
1903 1446 2050 1488 auditis
2083 1445 2296 1500 partibus;

1269 1504 1489 1557 &negotio
1511 1502 1562 1544 ad
1587 1503 1829 1546 relationem
1845 1502 2186 1547 Emin-Caesarini
2214 1517 2297 1545 ma-

1272 1560 1363 1603 ture
1386 1557 1829 1609 discusso,censuerunt
1843 1561 2160 1616 permittendam
2181 1559 2299 1605 effe&

1272 1618 1442 1675 praefatis
1458 1617 1666 1659 Fratribus
1692 1618 1747 1659 de
1761 1619 2024 1662 Observantia
2044 1617 2298 1661 Reformatis

1271 1677 1518 1720 erectionem
1546 1674 1641 1717 disti
1665 1676 1760 1719 novi
1777 1674 2015 1720 Conventus
2045 1677 2084 1719 in
2111 1676 2299 1732 praedieta

1278 1736 1406 1778 Terra
1424 1733 1596 1777 Radiani
1612 1735 1820 1777 Fratribus
1836 1735 2056 1789 Capucinis
2071 1734 2301 1785 antedictis,

1277 1792 1473 1849 praemiffis
1498 1818 1514 1838 ‚
1544 1792 1791 1848 coeterisque
1822 1781 2035 1836 cflntrariis
2061 1793 2300 1848 quibuscun-

1278 1865 1358 1908 que
1373 1865 1455 1894 non
1469 1850 1741 1895 obstantibus.
1771 1853 1914 1894 Romae
1931 1851 2101 1907 18.Julii
2119 1853 2239 1904 1642.
2284 1862 2288 1864 ·

1419 1969 1498 2018 Fr.
1516 1965 1726 2017 Antonius
1742 1968 1869 2018 Card.
1899 1969 1948 2019 S.
1959 1967 2198 2036 Honuphrii-
2215 2002 2230 2016 .

1338 2091 1398 2131 Ex
1412 2086 1557 2144 Regest.
1572 2089 2000 2145 secratur-congregat.
2013 2085 2132 2145 mensi
2142 2086 2190 2135 θ’
2204 2086 2300 2129 anni

1390 2145 1572 2201 praedib‘t‘.
1584 2145 1630 2204 fi
1644 2158 1667 2188 2
1672 2158 1740 2202 30.

1288 2446 1531 2509 TA.

218 2547 442 2634 SEntentia
475 2592 711 2641 Episcopalis,
735 2605 809 2642 quae
832 2593 869 2630 in
894 2590 1085 2641 anteposito
1100 2594 1252 2630 Deci-eto
1273 2592 1419 2636 citatur,
1434 2593 1500 2630 fuit
1528 2592 1693 2641 sequens:

313 2691 355 2728 ln
371 2689 482 2739 Causiz
495 2690 534 2725 in
550 2689 735 2737 Epist-opali
750 2690 862 2728 Curia
874 2689 1040 2727 Sulmone
1052 2699 1208 2727 vertente
1220 2690 1313 2727 inter
1321 2688 1492 2727 RRJ’P.
1510 2689 1663 2727 Minores
1674 2686 1908 2738 Observantes
1921 2689 2134 2740 Refhrmator
2146 2688 2306 2729 sfrm:

219 2741 298 2789 cisci
309 2763 323 2783 ‚
349 2736 435 2776 Ven.
451 2739 649 2775 Conventus
661 2738 704 2774 S.
713 2738 914 2787 Honuphrii
928 2739 992 2774 loci
1002 2737 1158 2774 Radiani
1170 2762 1184 2781 ‚
1211 2740 1254 2779 ὼ·
1270 2736 1353 2774 RR.
1365 2737 1452 2776 PP.
1465 2738 1654 2787 Caput-ino:
1669 2763 1681 2780 ,
1698 2739 1946 2785 praerendenter
1970 2752 2093 2779 novam
2104 2739 2298 2777 ereetionem

222 2788 423 2833 Conventufs
451 2787 489 2822 in
502 2785 588 2822 dicto
609 2783 676 2821 loco
687 2784 844 2822 Radiani
858 2810 870 2828 ‚
883 2786 1046 2834 rebusque
1059 2785 1141 2822 aliis
1152 2791 1190 2821 in
1210 2785 1289 2821 afli:
1305 2786 1384 2834 suit

317 2883 358 2919 In
371 2882 452 2918 ‘Dei
466 2877 617 2919 Nomine
629 2881 742 2918 Amen
757 2893 766 2917 ε
796 2878 882 2920 Nee
899 2894 967 2918 non
988 2891 1121 2919 attenta
1135 2879 1377 2930 Constitutione
1403 2882 1600 2932 Sanffiiffimi
1614 2883 1674 2919 D.
1687 2880 1744 2922 N.
1770 2883 1907 2922 vrbam·
1919 2883 1995 2923 ΡΡ.
2009 2882 2048 2922 V
2045 2883 2107 2921 [ll.
2135 2893 2207 2931 quae
2249 2886 2308 2930 roaf

219 2934 314 2972 hibet
335 2929 528 2967 erefiionem
552 2929 835 2979 Monasteriorum
853 2929 917 2977 seu
943 2932 1181 2968 Conventuum
1205 2940 1271 2964 non
1281 2929 1400 2976 secuta
1415 2931 1530 2978 forma
1557 2930 1736 2967 Baliarum
1752 2932 1817 2979 fel.
1845 2945 1913 2969 rec.
1941 2932 2125 2970 Clementis
2148 2928 2185 2968 V
2183 2889 2247 2965 ΗΞ
2265 2929 2308 2970 &¹

221 2980 384 3027 Gregorii
398 2974 479 3014 XV.
498 2985 560 3024 per
586 2976 833 3027 Illustrtffimum
855 2979 897 3019 ὡ·
909 2976 1227 3025 Reverendiffimum
1238 2977 1419 3014 Dominum
1433 2979 1626 3027 Episcopum
1643 2979 1826 3027 resolutam
1839 2981 1881 3022 &¹
1893 2980 2062 3017 decretum
2076 3002 2090 3023 ,
2115 2989 2183 3013 non
2205 2976 2307 3012 licere

223 3027 313 3065 RR.
331 3026 406 3064 ΡΡ.
437 3025 623 3073 Caput-inis
644 3027 775 3071 erigere
795 3025 1041 3075 Monasterium
1063 3026 1101 3060 in
1113 3024 1245 3072 Oppido
1257 3022 1416 3061 Radiani
1439 3034 1576 3075 propter
1603 3027 1676 3074 ejus
1697 3027 1968 3075 insufficientiam
1992 3026 2037 3063 ad
2060 3025 2238 3063 alendum,
2265 3022 2310 3064 ὼ·

221 3072 479 3126 sustentandum
496 3085 557 3109 η.
578 3071 718 3110 Fratres
730 3096 743 3117 ,
768 3076 925 3120 quamvis
946 3073 1090 3110 aliorum
1108 3071 1254 3110 locorum
1274 3072 1500 3113 &terrarum
1513 3076 1709 3112 vicinarum
1732 3070 1942 3123 eleemosynis
1964 3072 2091 3126 poffent
2111 3080 2310 3111 manutene-

241 3125 298 3160 ri.
321 3122 379 3163 lta
386 3128 449 3169 per
462 3119 520 3156 hoc
530 3119 633 3167 suum
653 3122 725 3163 &c-
750 3122 840 3158 omni
854 3122 946 3158 modo
971 3121 1105 3159 meh'ore
1117 3121 1188 3162 &a
1211 3120 1267 3156 die
1283 3133 1339 3169 ²3·
1352 3121 1509 3160 Decemb.
1529 3125 1631 3170 1634.

787 3219 1027 3287 Francifius
1061 3219 1280 3286 Epifiopus
1302 3215 1567 3288 Sulmonetfis
1583 3256 1599 3270 .

329 3375 504 3414 Sententia
517 3375 583 3412 hac
605 3385 664 3422 per
688 3373 840 3422 superius
860 3375 967 3413 Sacrae
980 3376 1268 3422 Congregationis
1284 3377 1470 3412 Decretum
1483 3375 1670 3418 infirmata,
1695 3385 1774 3422 pars
1797 3374 1967 3412 contraria
1978 3373 2048 3411 non
2062 3372 2197 3421 quievit
2218 3395 2232 3413 .
2250 3371 2309 3409 sed

233 3435 367 3466 econtra
390 3426 480 3471 apud
504 3424 682 3461 Ministros
701 3423 818 3466 Regiae
833 3423 1076 3470 Neapolitanae
1088 3425 1261 3467 camene,
1287 3426 1469 3460 Decretum
1491 3422 1733 3470 Apostolicum
1754 3422 1919 3459 violenter
1941 3421 2104 3468 supprimi
2127 3420 2281 3468 quaefivit
2300 3442 2314 3463 ,

233 3475 315 3512 Inde
330 3473 550 3511 illustrissimo
570 3470 725 3508 Domino
741 3470 885 3507 Nuntio
903 3472 1109 3520 Apostolico
1124 3472 1361 3520 Neapolitano
1384 3470 1526 3507 indilata
1550 3471 1651 3518 hujus
1663 3471 1818 3507 executio
1841 3470 1907 3507 fuit
1923 3470 2092 3507 commissa
2106 3481 2167 3517 per
2182 3469 2313 3505 litteras

234 3523 408 3570 sequentes
421 3533 432 3557 ι

335 3607 542 3659 Illustriffime
554 3619 594 3644 ac
614 3606 896 3660 Reverendiffime
920 3609 1078 3645 ‘Domine
1102 3610 1156 3644 uti
1173 3607 1319 3644 Frater.
1343 3607 1430 3644 Cum
1450 3606 1643 3644 innotuerit
1652 3617 1730 3650 eor,
1755 3606 1816 3654 qui
1838 3606 1877 3641 in
1900 3606 2013 3645 Sacra
2043 3603 2315 3653 Congregatione

237 3657 394 3696 ereffioni
413 3657 610 3695 conventas
633 3656 886 3703 capuanorum
910 3657 949 3691 in
970 3656 1080 3693 Terra
1096 3655 1254 3691 Radiani
1278 3655 1398 3692 “Diam⁸
1416 3653 1611 3693 Salmonea.
1624 3654 1695 3702 sese
1716 3653 1938 3702 opposuerunt
1954 3678 1970 3699 ‚
1991 3654 2064 3703 jam
2089 3653 2179 3702 apud
2194 3651 2320 3695 Regio:

237 3704 416 3754 Ministro:
431 3713 494 3752 pro
517 3703 728 3752 impedienda
753 3704 940 3753 hujusmodi
963 3705 1124 3742 erefiione
1144 3703 1267 3751 instare
1291 3728 1303 3744 ,
1327 3714 1366 3738 ac
1392 3704 1494 3740 etiam
1524 3701 1683 3738 noeturno
1703 3710 1847 3749 tempore
1865 3703 2010 3739 Crucem
2032 3710 2094 3750 pro
2124 3699 2206 3736 dieti
2231 3697 2322 3736 Com.

238 3753 366 3790 ventiis
385 3751 619 3801 conflrufiione
629 3749 732 3800 fuiffe
749 3752 922 3799 sublatam
934 3777 947 3793 ,
968 3755 997 3793 S
1003 3778 1013 3788 .
1027 3753 1099 3790 Con
1123 3753 1252 3799 regatio
1276 3749 1423 3798 Amplit.
1438 3749 1518 3786 Tuae
1533 3749 1554 3785 ὰ
1571 3761 1621 3785 me
1632 3749 1742 3797 scribi
1757 3750 1871 3799 juffit,
1900 3759 1943 3786 ue
1963 3748 2151 3797 Capacinir
2168 3754 2230 3794 pro
2243 3753 2321 3779 exe-

234 3802 371 3840 cutione
393 3800 531 3836 Decreti
553 3800 596 3836 ab
610 3799 726 3838 Emin.
744 3799 924 3852 ‘Ratribtrs
938 3823 953 3848 ‚
979 3809 1113 3850 mature
1135 3801 1179 3842 (ς’
1197 3799 1357 3849 partibus
1379 3798 1518 3848 desuper
1531 3797 1655 3847 sapius
1681 3798 1810 3836 auditis
1833 3797 1986 3835 emanata·
2010 3795 2129 3846 affistat
2148 3817 2162 3839 ‚
2186 3803 2246 3829 nec
2269 3799 2322 3826 eos

339 3847 431 3885 Tom.
443 3848 460 3884 1
464 3847 507 3887 11.

1567 3848 1603 3882 D
1627 3846 1651 3882 d
2196 3848 2275 3888 prof
