2618 4108
297 319 417 366 Deo,
445 309 707 364 &Religioni
741 309 864 351 vitam
890 306 1088 351 devovitt
1119 310 1336 364 experien-

303 375 359 417 tia
375 380 625 424 compertum
645 367 703 409 est
723 395 737 418 ‚
767 368 887 422 quam
905 367 1069 421 pretiosi
1094 367 1202 413 illius
1219 367 1336 409 labo—

297 448 363 477 res
383 430 526 472 fuerint
544 427 762 473 haetenus,
783 428 823 467 &
839 427 979 482 quanti
993 426 1332 469 Fraternitatibus

299 490 478 537 Vestris,
506 487 546 526 &
575 484 765 527 Ecclesiae
790 483 1013 535 ‚salutarem
1045 484 1090 527 iis
1117 485 1224 535 enim
1252 485 1330 534 vir·-

299 549 453 592 tutibus
483 545 690 594 abundat,
722 558 808 599 quae
833 544 1124 596 instrumenta,
1151 546 1191 586 δι
1219 553 1329 587 arma

298 606 399 650 lucis
419 605 610 646 videntur
624 604 674 645 ad
691 601 978 661 expugnandas
997 603 1230 646 voluntates
1247 606 1331 651 Do-

298 664 536 707 minantium
552 690 566 713 ‚
586 663 624 703 &
653 662 941 706 exterrendam
961 662 1170 705 audaciam
1185 662 1330 717 impie-

296 724 389 767 tatis
415 737 430 775 ;
470 735 595 777 quare
612 749 627 771 ‚
648 735 742 762 cum
758 722 922 764 sciamus
950 721 1039 778 ejus
1069 721 1329 769 adventum)

295 783 387 826 fore
410 792 572 837 gratum
595 781 934 825 fraternitatibus
950 779 1104 823 Vestris
1123 810 1137 833 ,
1167 779 1329 822 videre-

293 856 383 885 mur
400 838 585 883 oblivisci
600 849 684 880 tum
703 841 1020 891 humanitatem,
1034 850 1122 885 tum
1140 839 1236 882 Reli
1270 840 1331 894 io·

295 915 388 944 nem
406 927 421 951 ,
446 898 469 941 fi
487 913 580 943 eum
597 897 729 943 aliena
742 898 1097 941 commendatione
1116 897 1221 954 apud
1240 852 1326 939 {los

293 972 420 1016 egere
444 958 765 1000 arbitraremur.
798 958 1007 1000 Testamur
1031 966 1169 1000 tamen
1192 956 1327 999 omnia

292 1018 423 1062 officia
438 1046 452 1069 ,
483 1017 626 1073 quibus
653 1018 741 1072 pios
767 1015 853 1071 ejus
869 1025 1034 1067 conatus
1051 1014 1298 1072 adjuvabitis
1313 1043 1328 1066 ‚

292 1093 373 1122 non
395 1076 517 1120 modo
543 1075 631 1118 fore
647 1075 823 1132 praefidia
839 1075 954 1118 Fidei
970 1074 1200 1119 Catholicae
1215 1103 1229 1126 ‚
1256 1088 1325 1116 cu.

291 1138 355 1196 jus
382 1136 450 1179 ille
478 1149 614 1184 curam
637 1135 746 1192 agit,
777 1133 845 1184 sed
877 1136 1000 1181 etiam
1017 1131 1163 1183 solatia
1179 1133 1330 1185 Chari-

292 1197 390 1240 tatis
406 1193 853 1250 nostrae‚quam'Coelesti
873 1196 1018 1249 Regno
1033 1191 1327 1249 propugnando

295 1254 447 1310 jamdiu
464 1253 536 1296 ille
553 1264 838 1307 promeretur.
857 1253 1189 1308 Compled'timini
1203 1278 1217 1299 a
1238 1253 1324 1293 Ve-

298 1313 504 1358 nerabiles
531 1314 721 1362 Fratres,
754 1311 1021 1358 Sacerdotem
1055 1313 1094 1357 in
1131 1311 1320 1361 volunta-

291 1374 358 1415 riae
375 1370 623 1428 paupertatis
651 1366 892 1426 profeiiione
913 1368 1191 1412 abundantem
1216 1383 1318 1431 opu-

292 1428 422 1474 lentia
440 1428 759 1476 Christianarum
777 1429 1004 1476 Virtutum.
1023 1430 1151 1471 Porro
1165 1437 1318 1476 autem,

293 1487 637 1547 quemadmodum
663 1488 778 1530 illum
794 1487 1019 1538 vestrarum
1034 1487 1201 1530 laudum
1218 1488 1323 1528 Prae-

292 1551 519 1592 dicatorem
543 1546 669 1589 Roma
698 1547 855 1597 audivit
883 1576 898 1597 ,
932 1549 986 1591 ita
1016 1547 1151 1596 vestrae
1182 1545 1324 1602 gloriae

291 1605 510 1652 studiosum
527 1607 747 1648 Germania
763 1604 969 1662 agnoscat;
988 1604 1204 1649 Pontificiae
1215 1607 1327 1649 Cha-

292 1666 431 1711 ritatis
450 1664 768 1719 magnitudinem
797 1666 833 1706 in
849 1664 937 1707 istas
956 1665 1190 1712 Provincias
1205 1665 1330 1707 testa·

292 1728 326 1770 ri
343 1724 507 1781 poterit
527 1723 866 1774 Fraternitatibus
887 1722 1328 1778 Vestris‚quibusApo-

290 1786 479 1829 stolicam
512 1782 847 1831 Benedic'tioriem
884 1792 1143 1842 peramanter
1174 1783 1328 1841 impar·

292 1856 440 1888 timur.

352 1906 503 1947 Datum
519 1902 657 1947 Romae
673 1898 778 1957 apud
795 1901 833 1941 S·
851 1902 1018 1945 Mariam
1037 1899 1235 1958 Majorem
1248 1903 1326 1945 &c.

296 1964 364 2006 die
390 1974 484 2003 xxx.
511 1959 611 2027 Maji
642 1974 864 2012 mncxxvi.
901 1957 1168 2010 Pontificatus
1199 1961 1322 2004 nostri

293 2027 416 2067 Anno
441 2029 593 2065 tertio,

349 2141 410 2181 Ex
435 2134 610 2180 Archivo
631 2137 823 2197 pra-dim
833 2165 843 2176 .

314 2273 1327 2292 *ῇ-*ᾴῃῇιῃῇ

553 2373 733 2425 Eo'dem
766 2389 1039 2446 argumento
1060 2412 1074 2426 .

328 2496 366 2538 A
380 2501 525 2561 terg-o:
552 2464 775 2549 Chariffimo
795 2495 839 2536 in
854 2493 1010 2555 christo
1038 2493 1142 2541 Filio
1166 2494 1297 2560 nostro

444 2553 692 2598 ferdinando
719 2554 878 2657 gissan:
904 2556 1186 2609 Imperatorem

293 2731 781 2785 URBANUS
854 2733 1076 2784 PAPA
1148 2735 1326 2783 VIII.

351 2849 572 2907 Char-ssime-
592 2849 634 2890 in
649 2848 800 2906 Chrsso
814 2850 899 2892 Fili
913 2851 1238 2910 Nostersblutcm
1251 2880 1267 2904 ‚

465 2911 513 2959 ὅ
529 2908 787 2970 Apostolicam
815 2909 1125 2959 Benediinoncm
1135 2941 1146 2953 .

290 3027 392 3143 C
410 3028 679 3072 Ommuniunt
697 3041 865 3085 aggeres
881 3029 1056 3073 Romani
1072 3031 1266 3088 Imperii,
1285 3030 1325 3072 ὃς

427 3091 580 3132 causam
610 3098 734 3143 agunt
765 3088 985 3145 Majestatis
1006 3090 1131 3141 Tuae,
1158 3089 1225 3146 qui
1254 3091 1323 3133 Fi-

291 3146 385 3186 dem
404 3148 683 3191 Orthodoxam
716 3157 972 3204 propugnant
992 3176 1007 3199 ‚
1024 3149 1064 3189 &
1095 3158 1324 3204 propagant

288 3203 328 3243 in
344 3207 380 3246 G
395 3207 568 3249 ermania
584 3235 596 3247 .
629 3208 860 3249 Curaturus
889 3221 983 3249 cum
1005 3207 1132 3250 isthuc
1154 3207 1325 3261 ablege-

292 3271 357 3304 tur
378 3263 547 3307 dilectus
563 3265 686 3308 Filius
702 3295 717 3321 ³.
735 3265 967 3321 Religiosus
982 3265 1181 3309 Sacerdos
1194 3297 1210 3318 ,
1226 3268 1325 3308 Fra-

293 3330 358 3361 ter
384 3322 635 3376 Hyacinthus
665 3321 914 3375 Casalen'fis,
940 3325 1174 3381 Capucinus
1188 3320 1207 3377 ,⁷
1234 3325 1326 3379 spe-'-

293 3391 423 3421 ramus
442 3380 527 3434 ejus
542 3383 766 3426 adventum
781 3394 943 3441 gratum
959 3383 1048 3426 fore
1062 3383 1325 3426 Ferdinando

295 3435 468 3488 Caesari,
486 3441 709 3494 Religionis
733 3443 1018 3500 Propagatori.
1051 3446 1157 3485 Cum
1183 3444 1325 3485 enim..

295 3493 406 3537 suam
435 3496 631 3550 gloriam,
661 3499 959 3545 &felicitatem
987 3499 1065 3544 effe
1080 3501 1325 3558 profiteatur

294 3557 654 3611 Cruceva.‘N.J.
672 3561 721 3600 C.
735 3586 749 3606 a
782 3561 835 3602 ita
854 3571 990 3605 tamen
1010 3563 1227 3617 Austriacae
1247 3563 1328 3603 Po·

297 3613 438 3654 tentiae
469 3611 627 3666 plaudit
645 3616 717 3656 Vir
730 3617 902 3660 blandiri
929 3619 1119 3664 indocilis
1136 3648 1148 3672 ,
1176 3629 1220 3662 ut
1238 3621 1323 3662 Ma·-

295 3670 444 3728 jestatis
479 3672 573 3713 Tuae
594 3673 900 3728 prosperitatem
941 3678 1094 3735 ubique
1133 3677 1327 3734 praedicet

292 3727 372 3771 effe
387 3729 543 3771 debere
559 3741 695 3773 votum
712 3734 897 3776 Eccleiiae
916 3763 930 3784 .,
947 3738 1161 3792 negotium
1181 3736 1323 3781 Ponti-

292 3786 450 3832 ficattis.
468 3791 563 3851 Qo
579 3788 744 3836 laudum
758 3803 989 3838 commeatu
1003 3796 1213 3855 instructus
1226 3808 1322 3856 per-

1100 189 1609 280 Cuflodia

1399 309 1601 364 agr-averit
1618 320 1748 364 nuper
1764 309 1986 366 Europam,
2007 309 2046 350 &
2063 322 2136 365 per
2148 309 2275 354 Aulas
2287 310 2439 353 ‘Domi-

1398 368 1579 416 nantium
1594 397 1609 418 ,
1641 369 1771 409 Roma
1788 396 1802 419 ‚
1832 367 1886 410 e'x'
1908 365 2250 413 consentientibus
2272 371 2433 414 Catho-

1395 425 1567 469 lieorum
1587 425 1824 482 Principum
1839 426 2080 469 testimoniis
2101 427 2271 471 didicit:
2306 442 2434 484 quare

1396 485 1526 527 aliena
1572 484 1931 528 commendatione
1974 484 2099 527 virtus
2141 486 2274 529 haerefi
2310 486 2436 531 invisa

1394 543 1504 586 isthic
1520 558 1598 586 non
1613 553 1739 599 eget,
1757 545 2004 587 arbitramur
2020 552 2154 587 tamen
2170 544 2305 587 solatia
2320 546 2436 588 Cha-

1394 603 1527 645 ritatis
1544 602 1684 645 nostrae
1698 604 1832 651 omnia
1851 602 2047 647 beneficia
2061 631 2074 653 ,
2089 616 2172 658 quae
2189 603 2276 654 ille,
2291 616 2433 647 curans

1393 661 1561 717 negotia
1593 659 1705 703 Coeli
1730 689 1745 713 ‚
1782 662 1949 705 debebit
1984 660 2180 716 Maiestati
2211 663 2330 713 Tuae'‚
2362 664 2431 707 cui

1391 719 1668 776 Apostolicam
1697 721 2030 770 Benedictionem
2059 731 2321 780 peramanter
2355 721 2433 780 im:

1389 780 1616 837 partimur.

1451 840 1603 881 Datum
1622 840 1767 883 Romae
1787 849 1833 883 ut
1832 840 1985 898 fitpra.

1450 960 1511 1006 Ex
1541 955 1716 1005 Archino
1739 956 1954 1015 praediHo.

1388 1100 1503 1113 —
1508 1100 1703 1113 ——uu-
2173 1097 2428 1119 -——

1664 1195 1844 1251 Eodem
1878 1209 2187 1268 argumente.

1390 1316 1430 1358 A
1458 1322 1600 1377 tergo:
1631 1316 1866 1374 Charisp'mae
1894 1320 1936 1358 in
1967 1315 2119 1374 Chrsso
2145 1314 2265 1361 Filiae
2289 1315 2430 1375 nqslrae

1559 1375 1755 1419 Eleonorae
1769 1376 1865 1476 &uc-l
1883 1389 1927 1476 '53
1955 1374 2250 1431 imperatricem

1830 1449 1849 1476 c
1866 1443 1903 1475 e*
1925 1447 1982 1480 ae.

1392 1553 1877 1611 URBANUS
1949 1554 2167 1603 PAPA
2241 1553 2427 1604 VIII.

1427 1670 1656 1730 Charffma
1671 1674 1715 1714 in
1731 1670 1883 1728 Christo
1897 1671 2009 1714 Filia
2033 1668 2169 1727 nostra
2196 1670 2400 1724 Salutem„

1567 1731 1616 1780 ἐς
1635 1730 1896 1790 Apostolicam
1912 1731 2215 1775 Benedib't‘ioncm
2230 1757 2244 1772 .

1390 1851 1567 2013 Q]
1581 1854 1629 1895 AE
1656 1851 1884 1909 Religiosos
1912 1849 2158 1894 Sacerdotes
2194 1850 2421 1905 tanquam

1547 1915 1727 1955 Nuncios
1745 1911 1858 1955 Coeli
1871 1939 1886 1961 ‚
1918 1910 1958 1950 δι
1974 1908 2176 1952 Custodes
2196 1906 2333 1951 salutis
2356 1921 2426 1950 co.

1593 1970 1679 2012 lere
1694 1969 1820 2020 solet,
1838 1966 2023 2023 Maiestas
2041 1969 2128 2009 Tua
2143 1997 2159 2018 ,
2187 1965 2424 2011 Patrocinio

1347 2069 1349 2071 .
1388 2026 1572 2071 Caesareo
1597 2041 1739 2070 carere
1753 2040 1833 2070 non
1851 2027 2031 2082 patietur
2045 2024 2241 2068 dilectum
2258 2024 2423 2074 Filium,

1389 2088 1456 2129 Fr.
1474 2088 1751 2141 Hyacinthum
1774 2082 2044 2135 Casalensem,
2056 2084 2307 2140 Capucinum
2321 2109 2336 2132 a
2349 2083 2418 2139 qui

1387 2146 1429 2189 in
1459 2146 1722 2188 Germaniam
1755 2143 1972 2199 ablegatur
1999 2142 2116 2185 Fidei
2153 2142 2423 2198 propagandae

1386 2205 1551 2260 negotia
1580 2214 1817 2247 curaturus.
1850 2205 1897 2244 In
1932 2200 2020 2259 ejus
2046 2201 2159 2244 enim
2193 2200 2425 2244 Concioni-

1390 2263 1466 2305 bus
1476 2265 1516 2304 &
1528 2273 1616 2305 turn
1631 2263 1818 2319 publicis,
1834 2270 1920 2303 tum
1933 2260 2104 2316 privatis
2117 2258 2424 2315 disceptationi-

1390 2323 1465 2365 bus
1484 2349 1498 2370 ,
1531 2323 1674 2379 Populi
1695 2332 1817 2378 atque
1840 2321 2048 2377 Principes
2070 2318 2284 2362 coruscare
2307 2316 2424 2361 vide-

1391 2394 1485 2425 runt
1502 2396 1612 2424 arma
1628 2382 1727 2425 lucis
1740 2408 1755 2430 ‚
1787 2381 1930 2438 quibus
1944 2379 2143 2436 impietati
2161 2392 2312 2421 cornua
2324 2390 2424 2421 con·-

1387 2440 1617 2496 fringuntur
1639 2471 1652 2484 .
1699 2445 1831 2485 Porro
1856 2449 1992 2482 autem
2017 2441 2216 2493 Gonzagae
2245 2437 2422 2480 Familiae

1386 2500 1670 2544 addictissimus
1697 2501 1735 2543 in
1757 2499 1901 2552 optimi
1918 2499 2180 2556 Imperatoris
2196 2497 2424 2554 potentia.»

1384 2561 1600 2617 propagari
1642 2559 1777 2604 credit
1805 2559 1978 2613 Regiam
2018 2559 2072 2600 sui
2096 2586 2111 2610 ,
2146 2557 2187 2598 δι
2220 2556 2421 2598 ditionem

1385 2619 1531 2672 Petri3
1562 2633 1687 2675 quare
1715 2618 1919 2673 speramus
1947 2616 2037 2660 fore
2059 2646 2074 2670 ,
2106 2625 2151 2660 ut
2180 2614 2263 2671 ejus
2295 2627 2419 2657 cona-

1387 2689 1451 2722 tus
1465 2676 1593 2721 futuri
1609 2678 1681 2720 lint
1697 2675 1835 2721 solatia
1851 2705 1865 2728 ‚
1894 2677 1932 2718 δι
1951 2686 2047 2720 vota
2066 2675 2284 2731 Maiestatis
2300 2676 2420 2716 Tuae.

1388 2736 1588 2786 Sacerdos
1615 2738 1679 2780 hic
1700 2767 1717 2788 ,
1757 2736 1887 2780 Nobis
1912 2739 1950 2779 &
1974 2736 2214 2792 Apostolico
2246 2732 2419 2778 senatui

1386 2795 1620 2854 gratiffimus
1631 2825 1644 2849 ‚
1659 2797 1723 2839 cui
1742 2796 2018 2850 Imperatoria:
2029 2795 2193 2852 pietatis
2208 2790 2418 2836 beneficiis

1386 2856 1666 2905 demerebitur
1696 2854 1880 2911 Maiestas
1910 2856 1996 2898 Tua
2019 2884 2036 2906 ,
2073 2864 2247 2910 paternae
2274 2851 2420 2894 nostrae

1387 2915 1600 2961 charitatis
1628 2913 1946 2970 magnitudinem
1973 2913 2209 2956 testabitur.
2240 2913 2326 2952 Nos
2342 2922 2418 2951 au-

1386 2986 1469 3019 tem
1499 2973 1776 3030 Apostolicam
1802 2973 2129 3016 Benedic'tionem
2156 2977 2418 3033 peramanter

1386 3034 1639 3090 impartimur
1655 3062 1666 3074 .

1447 3097 1600 3145 Datum
1624 3093 1766 3147 Romae
1791 3099 1838 3134 ut
1846 3091 2008 3149 sbpra.

1445 3215 1508 3260 Ex
1537 3208 1708 3255 Archino
1726 3208 1915 3271 praedt'Bo
1927 3236 1940 3255 .

2191 3845 2353 3892 Eodem
