2618 4108
858 220 1676 339 Monferratenfis.

198 337 350 381 lectum
365 336 890 394 Filium,Fr.Hiacynthum
902 338 1245 393 deCaiaii‚ein·-

200 397 299 440 dine
313 401 616 454 Capucinorum
632 427 647 451 ,
675 395 728 440 ab
741 397 823 454 ipso
843 398 1095 442 Fraternitas
1121 400 1239 443 Tua..-

201 457 376 513 accipiet
392 486 407 510 ,
431 461 501 514 qui
519 460 588 501 has
604 457 757 501 nostras
775 456 867 499 Tibi
882 457 1047 499 litteras
1061 456 1211 499 reddet
1227 484 1243 506 .

204 515 327 558 testes
343 516 428 572 ejus
444 528 619 574 paternae
631 515 855 559 Charitatis
870 541 886 565 ‚
899 529 978 571 qua
996 517 1058 558 Te
1072 529 1149 571 pro
1164 516 1242 558 tuis

205 577 370 619 meritis
395 577 434 619 in
450 575 682 620 Visceribus
702 572 795 630 Jesu
820 574 972 616 Christi
1000 575 1240 630 complecti-

205 648 325 678 mur.
356 638 487 679 Certe
501 664 517 689 ,
543 644 587 677 ut
603 630 827 690 gravissima
846 631 903 674 est
920 632 1035 675 causti
1054 663 1070 685 ,
1100 636 1239 690 &quae

206 693 262 736 ad
276 694 501 739 catholice
517 691 749 749 Religionis
771 690 998 735 utilitatem
1019 706 1242 748 magnope-

207 766 255 796 re
283 754 465 810 pertinet
478 782 495 807 ,
527 754 584 796 ita
595 751 739 794 Virum
758 749 957 806 elegimus
974 779 990 803 ,
1019 750 1133 809 cujus
1151 750 1239 807 spe·

213 814 320 857 &ata
343 809 441 856 effet
468 810 715 868 integritas,
746 810 961 865 prudentia
978 836 993 861 ,
1024 812 1064 853 8ι
1092 808 1241 852 sanctus

213 871 298 916 Dei
322 870 465 922 zelus,
490 869 559 928 qui
583 869 703 913 rebus
715 868 902 911 omnibus
924 868 1052 912 saeculi
1079 868 1243 912 abdica-

214 931 296 980 tis,
324 930 426 974 nihil
443 928 694 973 fibiomnino
722 927 927 984 reliquum
943 926 1071 980 fecit,
1097 928 1183 979 nili,
1199 935 1245 969 ut

215 989 258 1032 in
271 989 459 1034 omnibus
472 1017 487 1041 ,
500 1000 766 1046 quaecumque
780 988 864 1042 agit
878 1015 893 1038 ,
913 987 1037 1030 solam
1056 986 1132 1029 Dei
1152 985 1245 1041 glo-

215 1047 322 1092 riam
336 1047 496 1092 ardenti
508 1047 680 1091 maxime
700 1044 827 1089 studio
839 1056 1041 1102 quereret
1058 1074 1070 1085 .
1090 1044 1153 1087 Ab
1171 1045 1250 1087 hoc

215 1107 341 1164 igitur
357 1106 610 1151 Fraternitas
627 1107 715 1149 Tua
730 1103 894 1160 copiose
908 1102 1116 1157 intelliget
1143 1115 1246 1145 cun·

218 1169 282 1210 ἂι
293 1196 308 1221 ,
338 1180 423 1225 quae
439 1167 500 1210 're
515 1164 615 1208 scire
629 1163 814 1208 volumus
831 1189 846 1213 ,
861 1162 924 1204 cui
938 1161 1111 1204 eandem
1132 1174 1248 1215 pror-

217 1223 280 1268 sus
296 1253 311 1277 ,
339 1225 461 1282 quam
477 1224 604 1267 Nobis
617 1219 868 1279 iplis,fidem
885 1219 1097 1262 adhibebis
1112 1246 1123 1259 .
1158 1222 1247 1262 Nec

217 1282 590 1339 dubitamus,quin
608 1277 860 1335 Religiosum
882 1278 996 1321 istum
1023 1307 1040 1328 ,
1069 1278 1132 1319 cui
1159 1280 1245 1319 Nos

218 1343 372 1388 merito
404 1339 574 1384 multum
604 1337 844 1381 confidimus
863 1365 876 1388 ,
906 1336 958 1379 ad
990 1337 1204 1391 negotium
1229 1364 1245 1388 ,

218 1402 330 1461 quod
352 1401 392 1444 ei
407 1398 664 1454 imposuimus
680 1427 696 1449 ,
725 1409 775 1438 ex
801 1396 1001 1439 sententia
1027 1393 1246 1439 conficien-

217 1463 335 1513 dum,
349 1456 474 1517 operfi
489 1485 503 1510 ,
519 1455 684 1500 confilio
700 1484 715 1508 ,
740 1455 983 1498 auctoritate
1003 1453 1145 1498 sedulo
1173 1452 1247 1496 ad..

217 1521 364 1581 juves3
395 1517 434 1562 id
453 1517 563 1560 euim
582 1517 646 1559 Te
672 1528 745 1569 pro
759 1524 829 1557 tua
851 1513 988 1569 infigni
1005 1514 1191 1568 pietate,
1220 1514 1261 1556 δι

219 1591 418 1627 munere,
438 1574 548 1632 quod
566 1574 605 1617 in
624 1572 804 1617 Eccleiia
821 1573 972 1615 Christi
988 1572 1260 1627 geris,cumu-

221 1637 310 1683 late
327 1635 616 1694 praestiturum,
639 1642 895 1688 compertum
923 1633 1140 1674 habemus.
1179 1633 1264 1674 Do·

222 1699 356 1744 minus
372 1695 620 1745 Te,Frater,
631 1689 696 1734 sua
709 1690 841 1747 gratia
853 1717 870 1741 ,
889 1691 926 1733 8(
952 1690 1066 1733 bouis
1077 1688 1264 1734 omnibus

224 1763 375 1812 augeat
389 1780 405 1803 ‚
434 1754 572 1796 &Nos
590 1751 735 1794 iterum
756 1749 1019 1808 Fraternitati
1039 1752 1132 1793 Tuae
1150 1757 1261 1805 Apo-

226 1814 407 1859 stolicam
424 1809 759 1855 BenediCtionem
775 1819 868 1852 toto
890 1822 942 1851 ex
958 1808 1092 1851 animo
1106 1812 1259 1866 impar-

226 1875 355 1918 timur
368 1900 380 1916 .
415 1873 567 1915 Datum
585 1871 725 1912 Romae
743 1867 849 1923 apud
878 1872 920 1910 S.
937 1869 1109 1912 Mariam
1128 1867 1258 1924 Majo-

226 1946 316 1978 rem
354 1929 425 1974 sub
462 1928 630 1973 Annulo
671 1928 888 1970 Piscatoris
933 1925 1002 1969 die
1034 1941 1059 1969 x
1073 1941 1098 1970 x
1114 1940 1152 1968 v.
1183 1930 1259 1983 Ju-

226 1992 283 2036 nii
296 2002 480 2036 Mocxxi·
514 1983 786 2030 Pontificatus
803 1984 926 2027 nostri
946 1987 1066 2027 A'nno
1081 1984 1227 2042 primo.
1242 2043 1245 2046 Ι

288 2079 352 2122 Ex
367 2075 489 2121 Arcb.
513 2077 630 2120 Vatic.
638 2074 788 2133 ficret.
803 2076 890 2127 &n
909 2076 991 2135 fol.
1010 2076 1104 2120 161.

1027 2171 1260 2187 ἡ

477 2223 655 2276 Eodem
690 2229 985 2293 Argumento
1000 2258 1013 2273 .

317 2346 354 2389 A
371 2334 519 2400 tergo:
556 2342 709 2384 Dilefio
741 2342 782 2387 F
792 2341 847 2385 lio
870 2370 886 2393 ,
913 2340 1048 2386 Nobili
1084 2342 1202 2398 Viro,

421 2402 731 2451 Mammih'ano,
768 2403 950 2445 Bavariae
978 2403 1084 2445 Daci

234 2521 851 2577 GREGORIUS
905 2522 1268 2573 PAPAXV.

235 2640 392 2688 nitet-*Ie
406 2641 510 2693 Fi'le',
526 2640 676 2684 Nobilis
689 2639 938 2743 ''symm''
951 2640 1000 2688 ὃ·
1012 2639 1269 2699 qustolicam

587 2699 724 2743 Benedi
765 2703 888 2743 e‘onem
906 2728 918 2740 .

374 2817 491 2861 lvina
514 2826 639 2875 atque
665 2818 838 2861 humana
856 2817 1019 2861 subsidia
1035 2817 1268 2860 Germaniae

240 2820 358 2936 D
391 2890 471 2920 noii
486 2875 621 2919 deelse
643 2877 693 2919 ad
719 2877 1004 2919 haereticorum
1019 2875 1269 2918 audaciam..

239 2935 588 2992 comprimendam
601 2965 616 2986 ,
646 2932 757 2978 testis
774 2934 831 2978 est
847 2936 936 2978 huic
955 2935 1161 2978 hominum
1177 2945 1270 2976 aeta-

240 2995 274 3037 ti
290 2995 495 3038 Nobilitas
518 2996 622 3045 Tua,
637 3009 721 3051 quae
738 2994 1008 3037 tamillustres
1031 2993 1267 3048 Religioni,

238 3054 281 3096 δι
304 3054 484 3109 Imperio
510 3054 697 3097 victorias
727 3054 887 3110 peperit
902 3082 913 3094 .
948 3053 1030 3097 Sed
1043 3054 1124 3108 quo
1143 3051 1266 3108 magis

219 3112 512 3157 ·innocentium
528 3111 842 3157 Catholicorum
865 3113 1041 3166 gemitus
1061 3111 1264 3153 vindicem

240 3168 440 3213 scelerum
469 3174 600 3215 Deum
625 3172 830 3215 flexerunt
862 3170 914 3214 ad
947 3170 1265 3213 commiseratio-

237 3242 334 3272 nem
346 3257 362 3280 ,
377 3230 430 3272 eo
444 3230 575 3272 acrius
589 3230 830 3274 enitendum
846 3231 1033 3273 omnibus
1048 3229 1163 3270 bonis
1180 3229 1236 3270 est
1248 3255 1263 3278 ,

237 3301 293 3331 ne
319 3301 392 3343 per
417 3285 644 3331 socordiam
676 3299 745 3331 aut
776 3288 929 3332 diffidia
955 3288 1080 3331 tantis
1113 3288 1269 3330 Divinae

239 3346 482 3390 Clementiae
504 3344 712 3389 beneficiis
726 3347 963 3391 abutamur.
1002 3352 1088 3390 Nos
1105 3347 1269 3403 quidem

241 3404 435 3450 Pastorali
453 3405 591 3448 nostrae
606 3404 868 3448 sollicitudini
887 3433 901 3456 ,
918 3420 1038 3461 quam
1057 3405 1185 3461 Gregi
1201 3418 1271 3447 no-

240 3464 302 3507 bis
330 3463 495 3508 credito
520 3464 718 3509 debemus
739 3493 755 3516 ,
787 3478 989 3519 nunquam
1020 3465 1229 3508 deerimus
1257 3491 1271 3514 ,

243 3536 383 3579 neque
407 3523 498 3567 sane
527 3537 700 3579 unquam
727 3522 1064 3579 conquiescemus
1092 3552 1107 3575 ,
1139 3523 1270 3566 donec

244 3594 295 3624 ex
336 3581 519 3624 altissima
552 3583 628 3626 hac
658 3581 878 3626 Pontificiae
917 3582 1135 3638 Dignitatis
1186 3580 1272 3636 spe-

244 3639 337 3683 cula
375 3641 659 3685 tumultuantis
705 3642 932 3685 Germania
967 3644 1004 3683 &
1034 3641 1273 3697 periclitan-

246 3699 300 3741 tis
327 3698 555 3758 Religionis
582 3701 916 3759 perturbationes
953 3700 1267 3758 prospiciemus.

243 3756 357 3814 Quid
384 3759 459 3802 hac
484 3761 523 3803 in
549 3760 666 3804 causa
688 3761 923 3816 egerimus,
954 3774 1019 3804 res
1044 3762 1122 3816 ipsa
1151 3773 1268 3815 argu-

1304 343 1412 383 &um
1427 341 1578 383 Filium
1591 369 1606 392 ,
1624 341 1946 396 F.Hyacinthum
1962 257 2235 394 Casaleiilesui,
2249 346 2332 387 Ca-

1304 401 1520 455 pucinum,
1542 414 1587 444 ut
1618 400 1850 456 Apostolica
1874 401 2006 446 nostra
2035 402 2331 446 Benedictione

1306 461 1508 510 munitus,
1537 463 1658 516 quam
1688 462 1780 502 Deo
1799 461 2003 514 aspirante
2031 461 2342 517 eloquentiam,

1303 517 1589 574 ingeniumque
1611 519 1853 560 Animarum
1879 518 1999 563 saluti
2031 521 2188 564 addixit
2204 548 2220 570 ‚
2251 533 2342 562 eam

1305 575 1346 616 in
1370 573 1553 631 prasenti
1580 590 1712 619 rerum
1734 575 1967 621 discrimine
1986 579 2095 622 istius
2114 579 2341 621 Provinciae

1299 633 1570 676 incolumitati
1587 663 1602 685 ‚
1633 634 1671 675 &
1691 636 1920 690 Religionis
1942 639 2135 693 dignitati
2157 637 2352 680 devove-·

1300 700 1366 734 at.
1400 694 1486 734 Nos
1508 692 1677 749 quidem
1697 704 1855 736 tantum
1883 696 1936 737 de
1967 700 2138 749 {periura
2155 696 2244 752 ejus
2259 695 2342 739 fide

1302 750 1431 793 Nobis
1446 750 1692 806 pollicemur
1710 779 1725 802 ,
1751 762 1795 794 ut
1818 765 1897 795 non
1915 753 2097 805 secus,ac
2114 755 2343 796 Nobismet.

1303 808 1391 864 ipfis
1414 810 1454 852 ei
1469 809 1586 852 credi
1604 810 1780 853 velimus
1802 813 2070 855 aNobiiitate
2090 815 2201 856 Tua:
2225 811 2344 869 cujus

1291 866 1468 923 pietatis
1495 866 1624 911 fuerit
1640 869 1846 919 ,eundem
1868 872 1931 912 Fr.
1951 871 2228 926 Hyacinthum
2245 868 2346 913 sua-2

1308 926 1604 970 benevolentia
1635 927 1853 983 complecti
1878 956 1893 980 ,
1925 940 1970 971 ut
2004 929 2153 971 Divina
2182 932 2351 985 gratia-³

1304 983 1510 1042 adjutrice
1523 1015 1539 1037 ,
1564 987 1605 1027 δε
1617 987 1851 1041 Principum
1868 989 2116 1030 auctoritate
2129 986 2350 1043 suffragan·

1310 1052 1354 1084 te
1378 1041 1560 1087 feliciter
1583 1043 1776 1088 conficiat
1811 1047 2003 1100 negotia,
2047 1060 2132 1102 quae
2161 1048 2220 1089 illi
2251 1061 2347 1103 gra-

1311 1099 1458 1144 viffima
1485 1104 1771 1147 mandavimus
1792 1132 1804 1145 .
1837 1105 2026 1147 Nostram
2052 1104 2349 1160 jampridiem..

1311 1158 1569 1203 voluntatem
1589 1163 1655 1204 sibi
1673 1163 1747 1205 hac
1762 1162 2005 1219 potiffimum
2023 1164 2184 1206 ratione
2203 1165 2350 1215 arctius

1306 1219 1580 1263 obstrinxerat
1596 1221 1803 1265 Nobilitas
1822 1224 1910 1265 Tua
1935 1250 1950 1271 ,
1981 1223 2048 1267 cui
2065 1223 2219 1264 iterum
2238 1228 2353 1278 Apo·

1307 1277 1488 1321 stolicarn
1515 1278 1688 1323 nostram
1724 1282 2051 1326 Benedictionem
2081 1292 2350 1339 peramanter

1307 1338 1586 1394 impertimur.
1611 1340 1765 1381 Datum
1781 1341 1973 1399 utsupra
1986 1370 1999 1384 .
2336 1342 2344 1351 ’

1364 1438 1426 1479 Ex
1444 1435 1565 1479 Arcb.
1582 1437 1694 1478 Brev.
1722 1435 1772 1479 ad
1793 1435 2000 1493 Principes
2015 1435 2106 1487 &a
2122 1433 2253 1492 fol.4·
2342 1491 2348 1498 .

1579 1579 1758 1630 Eodem
1789 1597 2064 1653 argumento
2079 1620 2093 1633 .

1322 1699 1363 1743 A
1383 1705 1527 1755 tergo:
1566 1697 1783 1742 Venerabili
1809 1702 1981 1752 Fratri,
2001 1702 2134 1744 Paridi
2149 1704 2357 1757 Arcbiepi-

1597 1757 1723 1815 fiopc
1754 1759 2054 1817 salisburgensi.
2316 1778 2338 1791 «ι

1318 1877 1901 1933 GREGORIUS
1950 1882 2151 1932 PAPA
2226 1885 2357 1933 XV·-

1386 1992 1620 2042 Venerabilis
1637 1996 1965 2050 Fratersblutcm
1981 1997 2030 2046 θ’
2043 2000 2297 2057 Apolloni-ani

1674 2055 1979 2099 Benediffioncm
1995 2084 2009 2099 .

1447 2175 1521 2218 EO
1532 2170 1763 2227 Religionis
1778 2175 1934 2218 causam
1945 2179 2218 2231 propugnanti
2230 2178 2358 2224 studia

1459 2231 1792 2289 *industriamque
1820 2234 1997 2278 nostram
2024 2234 2158 2279 deefle
2176 2240 2235 2280 his
2248 2239 2358 2283 cala-

1323 2289 1476 2334 mitons
1515 2292 1780 2339 tumultuans
1835 2294 2064 2337 Germaniae
2100 2298 2356 2352 temporibus

1325 2347 1558 2414 non-solum
1586 2360 1708 2406 turpe
1722 2305 1871 2403 ³521,
1900 2352 1968 2396 sed
1998 2354 2035 2395 &
2065 2353 2359 2399 miserrimum.

1326 2408 1559 2452 Periculum
1590 2409 1696 2450 enim
1722 2408 1819 2452 esset
1836 2439 1848 2462 ,
1877 2425 1926 2453 ne
1942 2414 2106 2454 Patrem
2125 2415 2360 2457 misericor·-

1328 2467 1501 2516 diarum,
1517 2466 1585 2523 qui
1601 2466 1786 2509 victorias
1803 2469 2039 2511 Bohemicas
2053 2481 2176 2527 atque
2192 2475 2360 2528 Hunga-

1329 2527 1432 2569 ricas
1457 2536 1741 2581 argumentum
1768 2527 1899 2570 voluit
1922 2527 1998 2572 effe
2010 2540 2182 2583 paternae
2204 2530 2274 2574 sua:
2289 2534 2360 2575 be-

1329 2583 1578 2629 nevolentiae
1603 2584 1643 2626 in
1663 2586 1776 2627 >Rem
1794 2589 2070 2637 Germanam,
2097 2588 2146 2630 ad
2172 2589 2360 2646 indigna-

1329 2644 1485 2694 tionem
1510 2656 1849 2700 provocaremus,
1882 2644 1905 2687 fi
1923 2643 2202 2690 beneficentiae
2227 2648 2361 2691 coele-

1326 2703 1393 2746 stis
1415 2701 1592 2754 fruetus,
1617 2717 1716 2760 quos
1746 2704 1947 2761 colligere
1975 2703 2174 2761 possumus
2199 2708 2362 2751 uberri-

1316 2775 1446 2814 mos,
1479 2763 1699 2805 sineremus
1732 2777 1805 2818 per
1837 2763 2060 2807 socordiam
2093 2765 2357 2810 exarescere.

1332 2821 1593 2864 Fraternitati
1611 2823 1704 2863 Tuae
1725 2821 1821 2864 licet
1845 2819 1924 2864 ess‘e
1940 2822 2140 2866 notiffima
2154 2827 2359 2868 existime-

1331 2893 1444 2931 mus,
1470 2892 1601 2935 neque
1627 2879 1736 2935 quod
1768 2882 1832 2923 Te
1861 2895 1990 2937 egere
2018 2881 2276 2926 admonitore
2308 2881 2360 2926 ad

1330 2938 1595 2994 Religionem
1610 2938 1803 2981 tuendam
1819 2941 2066 2982 arbitremur
2085 2970 2100 2992 ,
2127 2944 2206 2985 haec
2223 2941 2361 2983 scribi·

1329 3010 1442 3038 mus.
1469 2993 1534 3038 sed
1557 2999 1691 3050 potius
1704 2997 1754 3038 ad
1781 3010 1993 3051 paternam
2018 2999 2189 3042 nostram
2211 2999 2359 3046 sollici·

1327 3054 1517 3099 tudinem
1530 3054 1848 3108 testificandam3
1873 3068 1956 3098 tum
1977 3070 2101 3111 porro
2115 3086 2130 3110 ‚
2157 3069 2202 3100 ut
2217 3072 2265 3100 ex
2282 3060 2357 3101 hac

1327 3113 1456 3157 nostra
1486 3127 1584 3158 cura
1612 3114 1778 3169 aliquod
1794 3116 1884 3158 Tibi
1924 3114 2108 3159 solatium
2148 3116 2359 3159 afferamus

1325 3171 1586 3230 prospicienti
1605 3201 1619 3224 ,
1644 3172 1826 3214 locorum
1842 3174 2201 3229 longinquitatem,
2217 3177 2360 3219 totius-

1328 3245 1408 3288 que
1432 3234 1558 3275 Orbis
1586 3230 1757 3274 tutelam
1787 3234 1917 3275 Nobis
1947 3232 2244 3288 impedimento
2277 3249 2358 3278 non

1329 3286 1410 3334 esse
1423 3318 1439 3341 ,
1474 3293 1556 3345 quo
1571 3290 1698 3331 minus
1715 3291 1853 3333 vestrae
1869 3290 1988 3335 causae
2004 3292 2183 3346 praesenti
2199 3295 2359 3345 animo,

1331 3359 1452 3404 atque
1485 3348 1711 3404 Apostolica
1736 3351 1995 3397 Auctoritate
2028 3354 2359 3405 patrocinemur.

1331 3408 1457 3463 Quod
1482 3408 1643 3451 uberius
1663 3409 1928 3454 fraternitati
1949 3411 2042 3453 ruae
2056 3411 2196 3454 corim
2213 3411 2360 3467 signifi-

1333 3467 1440 3509 cabit
1455 3466 1627 3510 dilectus
1641 3466 1762 3509 Filius
1779 3496 1792 3519 ,
1809 3471 1852 3511 F.
1867 3469 2123 3524 Hyacinthus
2138 3471 2358 3515 Casalenfis

1334 3526 1567 3585 Capucinus
1582 3554 1595 3577 ,
1624 3524 1738 3581 cujus
1761 3526 1973 3584 perspeflae
1989 3525 2136 3573 fidei&
2149 3529 2361 3574 sanctimo-

1334 3584 1409 3626 niae
1431 3584 1654 3639 gravissima
1672 3587 1832 3641 negotia
1847 3615 1862 3639 ,
1892 3588 2075 3643 quae'l'ibi
2090 3588 2329 3645 significabit
2344 3617 2359 3641 ,

1333 3642 1587 3686 conficienda
1625 3644 1932 3700 imperavimus.
1975 3649 2111 3704 Qam
2138 3649 2267 3690 Nobis
2297 3648 2361 3689 lo-

1331 3702 1549 3758 quentibus
1578 3700 1701 3745 fidem
1737 3705 1935 3758 haberes,
1960 3706 2134 3750 eandem
2162 3706 2236 3762 Ipfi
2267 3720 2362 3762 μικ-

1325 3760 1415 3804 stari
1428 3762 1617 3816 cupimus
1633 3760 1653 3803 a
1673 3763 1947 3809 Fraternitate
1962 3774 2032 3808 tua
2049 3793 2063 3818 ,
2078 3764 2191 3821 cuius
2214 3766 2363 3813 antho-

245 3825 385 3860 mento
401 3817 482 3861 est.
515 3821 636 3864 Nunc
664 3830 804 3864 autem
827 3817 925 3864 istuc
942 3820 1140 3878 mittimus
1164 3818 1265 3863 dile.
1324 3819 1450 3866 ritate
1479 3821 1519 3864 δι
1544 3819 1721 3865 consiliis
1746 3822 1820 3868 ille
1845 3823 1886 3869 sc
1915 3824 2087 3869 multum
2109 3823 2241 3883 juvari
2273 3825 2360 3881 pos,

366 3878 469 3920 Tom.
487 3881 561 3922 111.

1624 3882 1660 3923 K
1686 3879 1712 3923 k
2135 3884 2176 3927 se
2203 3897 2301 3928 cen·
