2618 4108
849 282 1670 402 Monfcrratenfis;
2050 314 2242 398 ‘243

755 455 1038 523 Illuffriffi'me
1073 459 1128 506 (Y
1165 458 1526 531 Reverendffme
1560 461 1765 512 Domine}

319 574 459 626 Qbut
471 576 612 613 indiciis
627 574 768 625 paterni
787 575 894 612 animi
907 574 1062 611 Fratrem
1075 576 1310 623 Hyacinthum
1325 577 1341 612 ὲ
1357 576 1498 615 Familia
1518 578 1769 625 Cupuct'norum
1779 604 1788 620 ‚
1802 575 1927 616 Virum
1940 577 2009 617 zelo
2023 601 2037 623 ‚
2062 578 2105 620 &⁶
2118 580 2306 626 prudentia

225 623 314 663 Chri
326 625 353 661 ii
373 624 658 670 pollentem,Sua
676 623 850 661 Sansiitas
863 624 909 659 ad
933 622 1040 671 oscula
1059 625 1180 671 pedum
1198 626 1373 673 admiserit
1390 651 1402 668 ,
1428 627 1471 673 ῤ’
1493 625 1591 674 qutim
1613 626 1807 663 humaniter
1827 626 1980 664 audierit
2001 651 2014 670 ,
2046 639 2119 675 quae
2142 629 2306 665 nomine„

222 672 291 711 lllu
337 672 442 721 rffimae
464 674 640 714 Dominat.
668 670 788 720 Vestrae
813 672 963 720 exposuit
976 695 989 715 ‚
1012 671 1121 719 liquet
1138 683 1178 710 ex
1195 673 1350 722 adjunt’io
1364 673 1554 718 Diplomate
1568 698 1581 715 ‚
1605 674 1694 721 quod
1712 685 1778 709 non
1791 673 1900 722 solum
1920 675 2006 722 hisce
2027 677 2107 711 meis
2130 677 2275 713 Litteris
2288 699 2302 719 ‚

222 722 343 759 verum
359 722 464 758 etiam
481 722 521 757 in
551 719 795 771 Illustriffimam
818 720 1090 757 Dominationem
1105 718 1255 771 Vestram
1268 721 1476 771 parottffirna
1497 720 1678 767 voluntate
1697 723 1836 766 comitor
1849 746 1864 768 ,
1887 723 2144 775 cuifeliciffima
2161 735 2298 773 quaque

214 768 242 821 fi
263 770 348 809 ‘Deo
368 778 507 822 peropto
522 798 532 808 .
554 768 668 807 Roma
693 780 750 805 22.
772 766 956 807 Februarii
983 770 1086 814 1614.
1743 768 1746 770 '

631 865 947 937 Addift'ifflmus
974 868 1110 939 Scipio
1142 866 1268 923 Card.
1294 867 1558 938 ‘Burghestus

314 1058 354 1095 In
368 1056 482 1095 medio
495 1057 721 1104 laudis,quam
735 1065 930 1094 exterorum
943 1055 1135 1104 Principum
1156 1057 1252 1092 Aulae
1268 1056 1432 1092 Romano
1446 1053 1623 1103 applausui
1637 1053 1827 1101 junxerunt
1842 1079 1855 1099 ‚
1873 1054 2088 1104 Hyacinthus
2105 1055 2240 1092 locutus
2255 1058 2305 1095 est

221 1106 413 1154 potentiam
427 1105 523 1150 Dei,
547 1117 622 1152 quae
640 1107 674 1141 in
689 1117 733 1141 eo
743 1103 866 1142 fecerat
887 1104 1050 1148 magnalia
1065 1128 1077 1147 ‚
1101 1105 1135 1140 iu
1157 1103 1277 1151 spiritu
1299 1103 1500 1139 humilitatis
1514 1127 1527 1146 ,
1552 1102 1751 1151 dimiffoque
1768 1102 2000 1140 Ecclefiasticae
2018 1104 2173 1139 Politicae
2199 1105 2277 1139 foro
2289 1128 2303 1147 ‚

216 1154 458 1201 Apostolatum
481 1153 688 1201 reaffumplit
704 1179 715 1195 ,
742 1153 861 1191 eodem
876 1163 962 1188 anno
984 1153 1083 1197 1614.
1109 1153 1145 1187 in
1173 1151 1308 1187 Basilica
1325 1153 1434 1187 Alma:
1449 1152 1556 1189 Urbis
1570 1175 1584 1195 ‚
1607 1151 1644 1189 S.
1662 1151 1832 1189 Laurentii
1853 1152 1888 1187 in
1908 1151 2056 1190 Damaso
2082 1161 2274 1197 nuncupata
2289 1175 2304 1196 ‚

214 1213 277 1250 per
288 1202 429 1240 cinerale
439 1201 608 1250 jejunium
625 1200 808 1248 praedicans
825 1199 1025 1246 baptismum
1041 1198 1249 1245 poenitentiae
1261 1225 1272 1234 .
1293 1199 1369 1235 Fuit
1383 1199 1471 1235 illud
1487 1200 1696 1247 Evangelicae
1711 1200 1807 1237 vocis
1823 1209 2000 1243 energema
2015 1221 2038 1243 ,·
2053 1208 2089 1234 ut
2104 1200 2213 1244 plures
2225 1211 2305 1235 eor.

216 1251 260 1286 da
274 1273 288 1294 ,
311 1262 385 1297 quae
397 1259 570 1297 peccatum
583 1249 824 1291 induraverat,
849 1247 1003 1284 sciderint
1017 1246 1052 1282 in
1069 1247 1203 1294 plant'stu
1218 1259 1230 1286 3
1249 1246 1376 1283 nobilis
1395 1247 1523 1284 Mulier
1538 1271 1550 1292 ,
1567 1260 1641 1295 quae
1657 1248 1731 1285 luto
1747 1247 1937 1294 impietatis
1950 1247 2055 1292 usquc
2071 1247 2113 1282 ad
2127 1247 2304 1293 publicum

215 1298 407 1335 scandalum
429 1296 600 1333 inhaeserat
614 1319 628 1340 ,
653 1295 806 1343 Cyprios
827 1295 920 1339 ignes
941 1294 1100 1331 detestata
1113 1320 1125 1339 ‚
1151 1296 1185 1331 8(
1203 1296 1328 1339 Magus
1349 1296 1483 1333 altioris
1499 1296 1711 1333 conditionis
1730 1320 1742 1340 ‚
1769 1295 1932 1343 praestigia
1947 1294 2117 1331 diabolica
2134 1317 2147 1337 ‚
2175 1296 2302 1342 quibus

217 1346 297 1384 aliis
310 1346 474 1382 illudebat
487 1367 500 1388 ‚
523 1343 625 1380 fuerit
639 1342 853 1380 abominatus
866 1367 876 1380 .
906 1341 1033 1379 insulso
1052 1344 1148 1391 proin
1163 1343 1297 1379 fremitu
1315 1346 1499 1380 Doemones
1511 1345 1545 1380 in
1560 1356 1743 1381 corvorum
1757 1346 1791 1381 8(
1806 1344 2007 1380 aestuatum
2031 1342 2138 1388 figura
2158 1365 2170 1384 ‚
2195 1344 2301 1379 disce-

217 1396 353 1432 dentem
377 1393 420 1429 de
443 1390 582 1428 Balilica
607 1390 836 1439 Hyacinthum
852 1390 1069 1430 molestarum
1081 1416 1094 1435 ‚
1120 1393 1153 1428 &
1171 1391 1313 1436 praedam
1330 1391 1390 1427 fibi
1409 1401 1558 1440 ereptam
1581 1391 1707 1429 consuli
1722 1392 1881 1429 clamoris
1896 1391 2036 1427 fremitu
2054 1391 2271 1427 vindicarunt
2286 1417 2299 1427 .

215 1442 374 1479 Liberum
407 1440 449 1476 de
464 1440 670 1486 Apostolico
694 1439 809 1476 labore
833 1439 1037 1479 circumdant
1063 1440 1157 1477 illico
1173 1439 1374 1476 Litterarum
1395 1439 1522 1481 fasces,
1544 1441 1670 1490 quibus
1694 1440 1887 1486 Principes,
1910 1438 2147 1487 Hyacinthi&
2163 1440 2302 1482 officia,

214 1491 261 1575 ᾖ
273 1488 579 1573 confil‘iia‘petebant
595 1513 605 1524 .
627 1488 718 1524 luter
731 1487 805 1526 illas
817 1487 882 1525 fuit
895 1488 930 1526 8(
943 1487 1003 1523 illa
1015 1510 1029 1532 ‚
1052 1500 1153 1537 quam
1167 1488 1406 1533 Augustiffima
1421 1489 1625 1538 Imperatr-ix
1639 1494 1736 1526 Anna
1749 1513 1762 1534 ,
1788 1488 1930 1525 Mathiae
1949 1487 2091 1536 Conjux
2105 1509 2118 1532 ‚
2143 1486 2301 1534 sequenti

216 1550 236 1576 a
278 1549 356 1575 eum
391 1548 409 1573 e
435 1545 504 1573 erat
518 1546 663 1574 tenore:

322 1645 459 1712 -Anna
490 1645 645 1695 Gratia
676 1643 773 1708 Dei
804 1642 1058 1713 Imperatrix
1085 1647 1360 1697 Romanorum
1376 1680 1392 1702 ,
1427 1645 1651 1713 Hungariae
1680 1642 1734 1698 ἴθ’
1762 1643 1967 1697 Bobemiae
1992 1644 2158 1712 Regina
2172 1680 2188 1703 ,

241 1716 263 1732 ⁴
806 1735 810 1739 ’
986 1715 1274 1784 Archiducifflt
1312 1717 1484 1783 Austriae
1502 1752 1514 1765 .
1739 1736 1750 1741 *

314 1834 450 1872 Devote
471 1832 576 1884 noster
590 1833 769 1886 chariffime
784 1863 793 1872 .
816 1834 871 1872 De
887 1833 1064 1872 devotione
1075 1859 1088 1879 ,
1103 1833 1273 1884 singulari
1287 1833 1404 1883 affl’flu
1415 1859 1430 1879 ‚
1456 1834 1499 1876 (δ’
1511 1834 1597 1871 boua
1610 1832 1789 1871 voluntate
1801 1855 1814 1875 ‚
1838 1844 1906 1880 qua
1918 1831 2131 1870 ‘Pateruitas
2146 1829 2300 1878 Vestra-3

215 1893 298 1929 erga
315 1880 392 1920 Nos
397 1883 517 1930 fertur
532 1907 546 1925 ‚
570 1882 766 1921 nullatenus
784 1882 979 1919 dubitamus
991 1909 1004 1927 ,
1028 1883 1107 1919 hinc
1120 1884 1162 1924 ἶς’
1171 1885 1333 1931 persuasa
1346 1894 1516 1919 manemus
1533 1906 1544 1926 ,
1570 1884 1680 1918 omnia
1703 1883 1746 1918 ab
1759 1880 1826 1929 ipso
1841 1880 1943 1930 officia
1956 1881 1999 1923 ὠ·
2011 1880 2120 1916 media
2140 1880 2300 1915 adhibita

210 1928 314 1980 fuiffi:
328 1955 338 1973 ‚
364 1931 487 1978 quibus
504 1931 579 1967 Sua
592 1932 765 1968 Sanfiitas
779 1931 824 1967 ad
837 1931 1162 1978 condescendendum
1175 1933 1262 1979 aequi
1285 1933 1358 1968 imis
1371 1932 1450 1967 Suae
1462 1929 1662 1979 Majestatis,
1677 1930 1779 1979 nostri
1795 1931 1866 1972 Con
1883 1930 1967 1969 ortis
1978 1953 1990 1971 ‚
2005 1928 2271 1977 praetenfionibus
2284 1951 2300 1971 2

215 1978 412 2025 beneficium
424 1978 476 2014 rei
492 1977 693 2029 Christianae
705 1979 999 2022 concernentibus,
1012 1980 1141 2017 moveri
1153 1933 1334 2031 debuiffltt
1362 1978 1451 2026 quod
1469 1989 1580 2015 autem
1594 1990 1667 2014 eum
1683 2000 1695 2020 ‚
1709 1990 1804 2025 quem
1852 1977 1931 2013 *obis
1942 1976 2182 2024 pollicebamur
2194 1999 2206 2018 ,
2235 1987 2303 2010 na-

216 2025 267 2062 fia
284 2026 498 2074 nonfuerint
516 2024 662 2074 effet‘lum
672 2051 686 2071 ,
714 2027 825 2064 minus
838 2026 981 2072 faventi
998 2025 1112 2075 nostrae
1125 2027 1278 2074 fortuna
1290 2027 1481 2076 adscribere
1492 2052 1506 2071 ,
1530 2026 1572 2067 &⁴
1586 2037 1661 2062 cum
1673 2027 1844 2072 patientia
1857 2024 2003 2079 sufferre
2014 2025 2168 2065 debemus
2179 2049 2190 2059 .
2217 2023 2299 2059 Hoc

215 2085 346 2122 quoque
362 2073 541 2110 ordinario
555 2075 634 2111 Suae
647 2075 837 2112 Saniiitati
844 2074 947 2122 juxta
960 2074 1040 2112 Pat.
1056 2071 1093 2111 V
1088 2074 1176 2124 estrae
1188 2077 1354 2125 confilium
1365 2075 1406 2110 de
1419 2073 1569 2112 Moniali
1583 2073 1604 2110 ὰ
1622 2073 1715 2112 Colle
1727 2072 1796 2112 alto
1801 2074 1988 2123 scribimus
2002 2097 2012 2114 ,
2029 2072 2121 2122 sique
2136 2071 2303 2121 desidera-

218 2130 292 2159 tum
313 2122 535 2170 consequatur
557 2121 702 2172 efflei-'ium
716 2147 730 2168 ‚
776 2123 943 2159 audenter
964 2122 1140 2160 audiemus
1155 2151 1163 2158 .

315 2168 475 2208 Necdum
497 2169 676 2207 habuimus
687 2180 750 2208 aut
773 2171 921 2207 euticam
930 2170 971 2208 S.
985 2169 1152 2218 Reliquiae
1157 2171 1261 2219 fidem
1271 2199 1286 2218 ‚
1309 2186 1380 2211 eam
1394 2184 1506 2212 tamen
1518 2171 1670 2220 expedIri
1687 2196 1698 2214 ,
1723 2171 1766 2213 ἶς’
1780 2171 1859 2209 Pat-
1873 2169 1994 2221 Veslrae
2017 2167 2163 2206 indilate
2188 2166 2295 2216 trans
2291 2173 2307 2196 -'

215 2218 309 2255 mitti
328 2217 474 2266 juffimus
487 2241 498 2253 .
522 2218 589 2254 ‘De
609 2228 728 2256 coetero
750 2228 821 2255 oret
837 2219 946 2255 Deum
968 2219 1174 2256 benedifi'ium
1187 2231 1250 2269 pro
1271 2222 1379 2272 nostra
1388 2221 1526 2272 salute,
1552 2222 1594 2261 ὼ·
1604 2220 1843 2268 prosperitate,
1861 2220 1951 2270 sicut
1971 2220 2014 2266 ἐπ’
2021 2227 2084 2267 pro
2097 2216 2157 2254 illa
2174 2216 2302 2266 nostro·

216 2265 449 2317 rumslaruurn
461 2289 476 2310 ,
502 2264 583 2304 dum
587 2265 656 2314 sub
675 2265 981 2317 chariffimasalute
999 2278 1180 2309 manemus.
1201 2270 1319 2308 Lincii
1344 2283 1396 2320 ¹9-
1415 2269 1509 2311 Maii
1533 2270 1575 2306 16
1582 2278 1638 2320 14·
1868 2272 1870 2275 ’

909 2364 1034 2416 Anna
1066 2367 1158 2417 &c-

318 2501 538 2539 Volvebatur
554 2500 692 2536 interim
705 2498 873 2536 continui>
887 2500 923 2536 in
940 2511 1000 2537 ore
1015 2501 1135 2537 Romae
1163 2498 1353 2547 Hyacinthi
1367 2499 1522 2537 metitum
1538 2523 1550 2544 ‚
1574 2509 1620 2535 ex
1634 2497 1763 2544 duplici
1776 2496 1943 2535 beneficio
1955 2521 1967 2541 ,
1983 2496 2132 2534 Eccleliae
2155 2498 2190 2533 in
2213 2497 2302 2534 aulis

223 2549 260 2585 &
274 2550 418 2596 pulpitis
436 2550 563 2586 collato
581 2547 723 2596 speciale
736 2571 749 2591 ‚
777 2548 929 2596 exiitque
946 2548 1029 2585 lenis
1053 2549 1161 2584 sermo
1181 2550 1224 2584 de
1241 2561 1284 2584 eo
1308 2549 1414 2585 Sacro
1427 2547 1596 2592 Collegio
1610 2546 1831 2584 adscribendo
1849 2574 1856 2582 .
1881 2546 2016 2583 Rubuit
2037 2547 2078 2581 ad
2097 2548 2182 2582 hunc
2196 2546 2304 2581 susur-

223 2609 298 2633 rum
315 2597 536 2646 Hyacinthus
550 2610 560 2638 ς
587 2608 730 2644 cumque
748 2597 842 2632 aliud
862 2605 976 2643 praeter
993 2596 1102 2644 Iesum
1126 2596 1300 2632 Christum
1318 2608 1390 2632 non
1408 2606 1570 2643 quaereret
1584 2619 1597 2638 ,
1621 2595 1762 2631 disceffit
1777 2596 1818 2632 de
1837 2595 1938 2631 Alma
1951 2596 2045 2631 Urbe
2061 2596 2304 2641 praedicaturus

225 2657 318 2682 anno
337 2649 440 2692 1614.
457 2657 609 2692 tempore
622 2667 636 2688 ‚
659 2645 844 2681 Adventus
861 2645 1036 2683 Dominici
1053 2646 1221 2682 memoria:
1234 2646 1339 2682 Sacro
1352 2645 1507 2681 Venetiis
1519 2668 1532 2687 ‚
1556 2644 1726 2692 quolibet
1744 2645 1860 2680 denuo
1871 2644 1902 2678 ei
1924 2644 2058 2691 patebat
2072 2643 2207 2679 aditus:
2236 2644 2305 2677 ln..

222 2697 280 2730 via
301 2695 508 2731 Conventus
528 2691 675 2730 Ordinis
694 2693 910 2737 declinabat,
936 2705 976 2732 ne
998 2693 1133 2740 plausus
1159 2693 1311 2733 audiret,
1336 2693 1463 2729 socium
1485 2694 1582 2744 aquis
1602 2691 1792 2729 immersum
1821 2692 1861 2727 de
1877 2692 2032 2742 periculo
2055 2691 2242 2735 liberavit,
2265 2691 2302 2725 8(

220 2742 348 2777 librum
361 2743 577 2779 Concionum
594 2742 637 2777 ab
652 2741 746 2787 aquis
760 2740 880 2787 pariter
894 2742 1089 2788 absorptum
1102 2766 1114 2785 ,
1139 2742 1181 2776 ad
1206 2742 1300 2776 littus
1314 2740 1435 2779 liceum
1450 2741 1572 2788 reperit
1585 2765 1595 2776 .

320 2791 500 2827 Exaltavit
515 2789 693 2834 Evangelii
706 2789 821 2825 tubam
837 2790 1052 2836 Hyacinthus
1065 2801 1154 2824 anno
1174 2789 1273 2834 1615·-
1289 2789 1414 2825 Brixiae
1427 2816 1436 2832 ‚
1462 2801 1606 2836 eumque
1622 2787 1761 2832 collegit
1773 2787 1917 2824 frunitum
1931 2815 1941 2831 ,
1967 2799 2007 2824 ut
2028 2787 2110 2823 liber
2126 2787 2300 2824 Poenicens

221 2840 274 2876 tia
292 2838 429 2875 “Brixiae
442 2838 657 2879 intitulatus,
682 2837 715 2872 8(
726 2837 938 2873 Serenilirmo
954 2838 1101 2874 Bavarire
1117 2835 1205 2872 Duci
1221 2837 1351 2873 dicatus
1366 2850 1442 2873 eum
1461 2837 1627 2874 recenseat
1643 2836 1847 2882 posteritatis
1867 2837 2026 2873 memoria
2045 2835 2269 2882 digniffimum
2286 2859 2297 2870 .

220 2887 387 2924 Pluribus
402 2898 545 2934 quoque
558 2909 570 2928 ,
593 2885 653 2930 qui
669 2885 716 2920 ibi
728 2884 811 2922 dura
823 2885 954 2921 cervice
968 2885 1111 2932 Spiritui
1133 2884 1259 2921 Sancto
1277 2884 1464 2921 resistebant
1474 2909 1487 2927 ,
1512 2884 1660 2920 infelicis
1681 2883 1760 2919 vitae
1776 2885 1956 2920 terminum
1976 2883 2132 2930 praedixit
2145 2908 2158 2926 ,
2183 2885 2216 2918 8(
2231 2884 2301 2918 dae·

220 2947 339 2972 mones
351 2957 364 2977 ‚
388 2935 447 2980 qui
462 2934 590 2970 callido
604 2932 737 2969 silentio
758 2931 899 2979 suumin
912 2932 1115 2978 corporibus
1135 2932 1284 2967 humanis
1303 2933 1513 2969 domicilium
1526 2933 1684 2979 tegebant
1696 2956 1706 2973 ,
1730 2930 1824 2975 ligno
1845 2932 1881 2968 S.
1898 2932 2022 2967 Crucis
2039 2931 2131 2976 loqui
2156 2932 2270 2974 coegit
2285 2954 2297 2964 .

219 2984 393 3030 Propheta
407 2995 476 3018 non
491 2992 650 3029 acceptus
665 2980 781 3018 Patria:
795 2980 859 3016 sure
871 2980 935 3017 fuit
946 2981 1068 3016 eodem
1081 2992 1167 3016 auno
1180 3005 1194 3024 ,
1217 2981 1298 3017 dum
1315 2981 1357 3015 de
1372 2981 1511 3025 publico
1526 2981 1633 3016 rostro
1646 2980 1819 3017 imminens
1836 2980 1904 3015 Dei
1917 2981 2091 3022 flagellum
2109 3001 2121 3019 ‚
2145 2979 2303 3024 aulasque

221 3031 357 3068 Casalis
373 3031 406 3066 iu
419 3033 534 3068 caulas
546 3030 798 3067 convertendas
813 3027 1038 3076 compatiente
1052 3027 1268 3063 annuntiavit
1282 3030 1397 3063 omine
1410 3052 1420 3063 .
1435 3030 1593 3074 Dumque
1608 3027 1796 3064 intransitu
1811 3027 2031 3063 Alexandriae
2050 3027 2206 3072 prodigia
2222 3027 2302 3060 victe

225 3078 499 3126 contemplativae
511 3103 520 3118 ‚
547 3079 614 3125 qua
638 3079 690 3114 Fr.
708 3077 819 3113 noster
835 3075 1057 3112 Constantius
1072 3074 1256 3123 Acquenlis
1271 3076 1390 3112 Laicus
1404 3077 1528 3112 sursum
1544 3078 1616 3122 rapi
1630 3076 1778 3116 solebat,
1808 3075 1847 3109 Ei
1862 3075 2090 3110 referebantur
2106 3100 2117 3115 ,
2139 3075 2225 3108 hunc
2242 3074 2304 3108 hu'-

222 3126 369 3173 jusmodi
392 3127 522 3164 deliciis
537 3127 673 3164 duobus
695 3135 773 3162 ante
788 3135 932 3160 mortem
946 3124 1042 3159 annis
1069 3125 1270 3170 privandum
1282 3123 1345 3160 effe
1359 3148 1373 3168 ‚
1398 3126 1530 3172 (prout
1549 3125 1695 3169 evenit)
1721 3123 1877 3168 praedixit
1891 3147 1899 3156 .
1930 3123 2087 3165 Rogatus
2107 3122 2141 3155 in
2162 3121 2302 3155 transitu

226 3174 448 3212 Turrichiiin
461 3174 587 3212 Tuscia
603 3197 616 3217 ,
637 3182 675 3210 ut
689 3174 829 3210 verbum
844 3172 959 3208 salutis
970 3172 1089 3217 indigo
1112 3173 1235 3209 diceret
1250 3173 1383 3219 populo
1395 3196 1407 3217 ,
1433 3174 1511 3209 talis
1529 3171 1823 3216 agglomerabatur
1845 3169 1944 3216 hujus
1962 3169 2081 3216 copia,
2107 3178 2144 3203 ut
2160 3168 2219 3204 sub
2235 3170 2306 3204 tilia

224 3223 261 3259 8(
275 3232 393 3268 aperto
406 3224 496 3258 coelo
510 3222 702 3259 concionari
721 3222 817 3257 illum
831 3220 1022 3268 oportuerit
1038 3245 1048 3256 .
1073 3220 1232 3267 Cumque
1251 3221 1435 3259 nonnullos
1450 3223 1485 3258 in
1504 3222 1659 3265 garrulos
1674 3218 1756 3253 risus
1768 3241 1779 3259 s
1809 3217 1984 3263 minusque
2003 3218 2174 3253 modestos
2188 3219 2304 3261 gestus

225 3271 356 3307 solutos
380 3270 574 3306 adverteret
590 3294 603 3314 ,
627 3270 779 3306 vicinum
794 3268 914 3308 ovium
935 3280 1057 3316 agmen
1071 3292 1083 3314 ,
1107 3269 1149 3305 ad
1178 3267 1246 3306 Dei
1268 3270 1438 3313 verbum,
1462 3269 1557 3316 quod
1581 3269 1633 3304 illi
1655 3267 1853 3313 spernebant
1869 3289 1882 3308 ‚
1907 3265 2110 3301 audiendum
2139 3265 2303 3301 vocavit:

227 3319 295 3356 cita
308 3318 499 3354 obedientia
512 3318 576 3353 hoc
590 3318 709 3364 pascua
721 3316 858 3363 reliquit
872 3342 882 3357 ‚
901 3317 1106 3353 audientium
1124 3316 1226 3354 coetui
1242 3316 1434 3353 immixtum
1445 3341 1459 3359 ‚
1478 3327 1614 3353 attento
1634 3316 1693 3351 suo
1706 3313 1840 3352 silentio
1854 3314 1959 3352 scelus
1974 3313 2120 3349 audacia:
2132 3313 2304 3357 confudit,

227 3380 289 3404 nec
305 3367 347 3402 de
364 3368 442 3402 loco
454 3391 468 3410 ,
493 3365 552 3400 nili
566 3367 738 3412 postquam
753 3365 966 3412 Hyacinthus
991 3363 1021 3400 ei
1036 3365 1256 3401 benedixisset
1272 3387 1286 3407 ,
1307 3364 1351 3399 ad
1364 3366 1523 3412 pabulum
1545 3364 1695 3400 recellit.
2309 3364 2311 3367 ’

322 3415 475 3452 Fuerunt
487 3425 575 3450 anno
593 3413 693 3450 1616.
707 3414 865 3449 Ravenna
878 3413 914 3448 8(
929 3413 1087 3449 vicentia
1100 3413 1177 3450 felix
1193 3414 1359 3448 theatrum
1371 3436 1384 3457 ,
1402 3425 1474 3460 quo
1487 3413 1701 3460 Hyacinthus
1715 3412 1808 3447 suum
1822 3412 1975 3448 exercuit
1993 3410 2106 3446 zelum
2121 3423 2134 3451 ς
2154 3412 2312 3456 dumque*

226 3466 286 3503 illa
301 3463 380 3500 sacri
390 3462 513 3511 jejunii
533 3461 604 3498 dies
618 3460 808 3508 poenitenti&
823 3460 943 3507 populi
959 3459 1183 3497 sanctificatos
1198 3460 1373 3506 conspexit
1384 3483 1397 3504 ,
1410 3462 1480 3497 haec
1495 3460 1652 3497 Familias
1663 3459 1769 3496 Porta
1783 3459 1818 3494 8(
1832 3459 1994 3496 Arnalda
2006 3484 2016 3500 ‚
2037 3470 2179 3504 quarum
2196 3458 2304 3506 perti-

227 3512 342 3550 nacior
354 3510 519 3547 discordia
532 3510 632 3547 etiam
646 3509 789 3546 Civium
805 3509 935 3546 animos
948 3518 1094 3554 traxerat
1105 3510 1141 3544 in
1156 3520 1268 3555 partes
1282 3532 1293 3550 ‚
1303 3510 1410 3545 verbo
1424 3508 1606 3557 Hyacinthi
1618 3508 1818 3545 conciliatas
1835 3507 2010 3544 laudavit.
2024 3507 2223 3553 Prodigium
2245 3508 2310 3542 au-'

229 3572 300 3598 tem
313 3559 419 3599 faetus
439 3559 485 3595 est
501 3557 712 3607 Hyacinthus
727 3570 814 3593 anno
833 3557 931 3603 1617.
959 3557 1103 3593 Civitati
1119 3557 1341 3592 Placentinae:
1367 3557 1426 3593 ubi
1446 3559 1595 3605 populus
1615 3555 1733 3602 rapido
1746 3555 1894 3601 quodam
1912 3556 2009 3592 cursu
2022 3556 2063 3591 ad
2077 3568 2154 3591 eum
2169 3582 2177 3596 ,
2203 3565 2304 3599 quem

230 3612 359 3646 virtute
373 3608 407 3645 8<
421 3608 576 3647 sermone
591 3616 760 3652 potentem
774 3615 918 3642 noverat
932 3628 945 3648 ,
969 3606 1171 3641 audiendum
1187 3605 1417 3641 concitabatur
1430 3630 1445 3650 ‚
1470 3605 1514 3640 ita
1526 3605 1661 3651 quidem
1677 3629 1686 3644 ‚
1712 3613 1750 3638 ut
1768 3626 1780 3646 ‚
1796 3604 1855 3651 qui
1868 3614 1980 3650 aptum
1995 3604 2030 3639 in
2047 3604 2193 3640 Eccleiia
2207 3605 2307 3638 {irum

230 3656 396 3694 ambiebat
410 3679 424 3699 ‚
442 3656 597 3703 pluribus
610 3666 690 3690 ante
705 3654 916 3690 Concionem
931 3654 1023 3690 horis
1040 3655 1151 3689 locum
1166 3664 1334 3698 occupare
1348 3654 1486 3690 deberet
1503 3665 1513 3687 :
1539 3664 1599 3689 nec
1615 3651 1766 3697 capiebat
1779 3653 1912 3696 copiam
1928 3653 2057 3687 vastum
2074 3652 2223 3688 Ecclesiae
2238 3655 2308 3686 Ca·

234 3705 393 3741 thedralis
405 3715 552 3749 corpus.
580 3703 660 3738 lnde
674 3726 686 3746 ‚
704 3703 785 3738 dum
800 3701 856 3737 alii
871 3701 952 3737 foris
966 3701 1067 3737 scalas
1081 3702 1229 3737 fenestris
1244 3713 1304 3746 pro
1320 3702 1492 3737 audiendo
1506 3701 1727 3747 applicabant
1738 3719 1751 3735 ι
1771 3700 1830 3735 alii
1846 3702 1937 3736 intus
1957 3701 2105 3736 tabulata
2117 3701 2307 3746 erigebant,

229 3755 264 3791 8(
278 3752 335 3789 alii
347 3764 424 3789 cum
436 3751 509 3791 aliis
524 3752 560 3786 in
576 3748 687 3787 medio
702 3749 853 3786 Eccleliae
866 3749 912 3786 ita
926 3750 956 3786 se
971 3750 1260 3785 condensaverunt
1272 3772 1284 3792 ‚
1297 3760 1334 3784 ut
1348 3750 1475 3786 Clerici
1492 3750 1629 3784 durante
1645 3747 1822 3783 Concione
1837 3749 2064 3797 eleemosynas
2080 3761 2147 3783 uon
2163 3749 2198 3782 in
2219 3757 2305 3782 terra

229 3804 351 3839 stantes
363 3824 375 3844 ,
400 3800 455 3835 sed
468 3799 560 3845 quafi
575 3799 722 3837 humeris
739 3798 947 3835 Auditorum
962 3797 1137 3835 insidentes
1156 3797 1317 3841 colligere
1334 3798 1510 3841 potuerint
1526 3822 1535 3831 .
1563 3797 1813 3842 Correspondit
1826 3796 1924 3831 etiam
1941 3797 2059 3842 populi
2074 3796 2212 3831 affluxui
2228 3806 2306 3840 pro-

225 3851 356 3896 digium
379 3847 505 3883 fruetus
530 3845 725 3896 nam,stcut
747 3845 979 3895 Hyacinthum
1001 3847 1093 3883 nulla
1108 3845 1233 3894 savorIS
1259 3847 1420 3890 humani,
1449 3855 1508 3882 aut
1529 3844 1705 3892 popularis
1723 3855 1810 3880 aurae
1826 3845 2036 3881 demulcebat
2056 3844 2175 3892 opinio
2190 3867 2202 3885 ‚
2230 3844 2305 3877 ira..

321 3896 413 3935 Tam.
430 3895 494 3933 111.
1554 3894 1589 3928 H
1609 3892 1629 3928 h
1655 3901 1676 3926 z
2160 3893 2260 3939 juxta
