2618 4108
292 205 456 348 benign}
483 285 815 343 commsst’ct'dem
830 285 850 335 3'
871 290 918 327 ut
945 281 1047 326 veris
1071 282 1322 340 existentibus

293 359 469 395 narratis
482 378 495 399 ,
515 352 687 404 petitam
698 345 945 402 facultatem
959 343 1161 385 alienandi
1177 341 1322 385 difflam

295 413 464 453 Domum
469 417 547 463 pro
557 407 635 462 fito
651 400 823 446 arbitrio
844 401 893 447 δ’
908 398 1138 457 constitntia
1157 400 1322 443 Oratri-

293 471 396 511 cibus
402 470 534 522 gratis
549 465 829 517 impertiatur:
860 461 924 502 Ita
937 470 1067 502 tamen
1080 484 1094 507 2
1115 467 1162 501 ut
1188 457 1322 499 vendi-

295 529 351 570 tio
367 555 381 577 ,
404 526 451 573 &¹
476 520 683 579 rffeffive
707 523 849 574 emptio
872 518 1037 561 alterius
1055 517 1204 560 Damas
1230 518 1323 559 uni-

293 599 335 629 co
348 578 611 637 contextufiat
620 604 634 625 2
650 579 698 626 θ’
698 577 748 634 st
755 590 841 634 qaae
853 588 970 620 onera
986 579 1134 619 Domui
1146 576 1323 617 alienan-

293 646 350 687 dae
364 653 513 683 annexa
526 640 784 693 reperiantur
796 665 811 689 ‚
837 636 881 678 in
895 666 909 688 ‚
940 631 1114 693 &super
1121 637 1245 678 Domo
1259 646 1324 675 ac-

295 698 485 757 quirenda
504 695 805 755 transferantur
819 722 834 748 ³
850 695 899 744 δ’
911 696 1109 739 translata
1121 694 1189 755 ff
1204 693 1325 747 intclq

295 764 473 815 ligantur
490 786 501 797 .

498 814 571 866 ‘B.
594 815 722 866 Card.
743 815 1023 867 ‘Panciaticus
1039 811 1169 884 Praefi

642 939 676 979 Ι.
705 940 761 980 D.
782 938 962 979 Tomatus
988 936 1132 976 secret.

353 1062 415 1104 Ex
430 1055 550 1099 Libro
565 1083 579 1106 ,
591 1054 666 1111 fia
683 1052 836 1110 Regesto
860 1063 930 1102 51.
961 1053 1104 1094 steret.
1133 1054 1322 1107 Congreg.

406 1114 612 1171 praediflae
626 1110 706 1171 fol·
721 1126 819 1168 349.

394 1465 487 1516 Sao.
521 1466 765 1536 Congregat.
801 1464 938 1532 Epist.
971 1463 1027 1513 &¹
1059 1463 1218 1532 Regul.

297 1595 711 1652 Conservatorium
755 1595 1100 1661 Capucinarum
1132 1596 1327 1643 Materae

365 1672 411 1718 in
424 1664 753 1716 Monasteriurn
771 1667 888 1733 erigi
901 1664 995 1717 διε.
1009 1662 1328 1733 A'rchiepisco-

362 1755 423 1808 po
444 1739 555 1788 Loci
584 1740 896 1787 committitur
913 1772 926 1785 .

381 1883 486 1923 Aera
502 1876 785 1932 Congregatio
800 1873 1211 1917 Eminentiffimorum
1226 1903 1241 1924 ,
1274 1887 1321 1915 ac

292 1883 360 1996 S
395 1936 835 1981 Reverendiffimorum
851 1939 892 1977 S.
909 1935 960 1975 R.
978 1935 1026 1975 E.
1042 1932 1322 1975 Cardinalium

297 2007 440 2051 negot.
454 2023 468 2044 a
485 1998 520 2038 &
538 1995 711 2038 consult.
729 1993 858 2049 Episc.
872 1995 912 2034 δι
926 1991 1080 2046 Regul.
1094 1990 1319 2047 praeposita,

296 2054 455 2097 attenta
484 2054 687 2096 relatione
704 2051 1008 2109 Archiepiscopi
1030 2052 1318 2094 Matheranen.

297 2113 511 2157 referente
527 2111 847 2156 Eminentiffimo
860 2109 1072 2154 Grimaldo
1086 2138 1099 2158 a
1131 2109 1324 2151 commit-

299 2172 469 2226 tendum
483 2171 638 2214 censuit
659 2200 672 2223 ,
691 2181 806 2227 prout
820 2170 1019 2225 praesentis
1037 2170 1208 2212 Decreti
1229 2170 1324 2224 vigo

294 2245 343 2275 re
358 2230 531 2287 benigne
546 2231 764 2272 committit
778 2230 911 2273 eidem
926 2229 1263 2285 Archiepiscopo,
1279 2237 1324 2269 ut

297 2290 402 2333 veris
415 2291 492 2332 διε.
519 2290 775 2346 &postquam
802 2288 867 2330 sibi
884 2289 1110 2331 constiterit
1127 2287 1324 2330 fabricam

295 2348 784 2407 praedictiConservatorii
812 2362 906 2390 cum
928 2347 1132 2399 Ecclesia,
1161 2360 1322 2401 campa-

295 2407 368 2452 nili
386 2435 401 2459 ,
422 2409 551 2450 choro
568 2436 582 2459 ,
622 2407 791 2450 sacristia
806 2436 820 2459 ‚
847 2402 1063 2449 refestorio
1080 2435 1095 2457 ,
1127 2405 1322 2448 dormito.

295 2467 360 2510 rio
379 2495 394 2518 2
415 2468 569 2514 hortis,
600 2468 639 2508 &
666 2467 797 2522 spatiis
821 2466 1001 2508 numeris
1029 2466 1216 2508 omnibus
1243 2464 1323 2507 effe

298 2525 541 2577 absolutam,
566 2528 603 2566 &
631 2525 894 2581 suppellectili
920 2535 1003 2567 tam
1026 2526 1136 2568 sacra
1154 2555 1170 2576 ,
1201 2526 1322 2582 quam

299 2583 466 2641 profana
514 2585 760 2628 sufficienter
802 2585 1029 2626 instructam
1066 2612 1078 2634 ‚
1127 2598 1204 2626 nec
1240 2596 1321 2624 non

300 2641 435 2685 eidem
470 2657 644 2686 annuum
681 2643 941 2686 enunciatum
977 2641 1184 2684 redditum
1228 2655 1320 2683 cer-

304 2710 393 2743 tum
418 2700 658 2744 ducatorum
685 2702 1028 2756 noningentorum
1059 2704 1150 2744 0610
1174 2714 1319 2742 mone-

301 2767 350 2801 tae
379 2787 395 2809 ‚
422 2760 474 2823 ,δε
510 2761 759 2803 tumulorum
783 2759 1052 2816 quadraginta
1077 2761 1200 2802 trium
1233 2757 1319 2801 fru-

303 2827 430 2859 menti
444 2827 586 2871 praeter
598 2820 693 2863 alios
710 2821 887 2862 incertos
903 2818 1048 2861 fruetus
1064 2817 1238 2873 superius
1250 2833 1318 2860 ex-

302 2871 452 2931 pressos
467 2876 563 2917 vere
577 2905 591 2927 ‚
620 2880 657 2918 &
671 2894 760 2920 cum
775 2880 917 2922 eflet‘tu
932 2877 1044 2920 fuiffe
1056 2878 1289 2932 affignatum
1302 2904 1317 2926 a

302 2934 353 2976 ad
368 2934 740 2988 petitamClausurae
755 2938 1076 2980 declarationem
1092 2938 1161 2978 sub
1176 2937 1319 2993 regula

302 2996 346 3035 S.
369 2992 501 3034 Clarae
521 3020 536 3044 ,
567 3007 613 3034 ac
642 2994 886 3052 subjecstione
914 2995 1219 3052 Archiepis'copi
1243 3011 1321 3052 pro

304 3059 491 3105 tempore
505 3080 518 3103 ‚
534 3066 607 3106 pro
622 3052 689 3095 suo
709 3054 878 3098 arbitrio
892 3057 970 3098 διε.
989 3054 1185 3110 procedat
1202 3084 1215 3105 ,
1230 3070 1320 3098 cum

306 3106 500 3151 facultate
523 3111 655 3154 eidem
673 3114 982 3169 Archiepiscopo
999 3111 1229 3168 praefigendi
1246 3129 1319 3155 nu·

309 3176 465 3208 merum
492 3170 727 3214 Monialium
747 3201 759 3223 ,
780 3187 937 3216 necnon
953 3171 1231 3228 praescribendi
1248 3174 1322 3215 do-

309 3231 395 3263 tem
409 3238 480 3278 pro
493 3228 671 3280 qualibet
697 3230 868 3284 ipsarum
882 3233 986 3274 intra
1004 3229 1232 3286 praediAElum
1250 3247 1322 3274 nu-

310 3293 464 3323 merum
478 3282 735 3341 solvendam3
751 3289 836 3332 aliae
851 3292 949 3333 vero
963 3290 1070 3331 ultra
1085 3288 1232 3331 dietum
1250 3305 1321 3333 nu-

312 3349 467 3379 merum
489 3341 536 3381 ad
551 3344 740 3387 Habitum
754 3347 1014 3391 admittendae
1028 3348 1167 3390 dotem
1189 3348 1323 3404 dupli-

311 3404 447 3435 catam
461 3395 615 3441 solvere
628 3411 840 3448 teneantur
853 3437 868 3459 ‚
894 3420 1050 3449 necnon
1066 3408 1264 3450 Moniales
1283 3410 1322 3451 in

317 3463 554 3505 praenarrato
574 3459 881 3507 Conservatorio
905 3465 1117 3508 existentes
1145 3467 1218 3508 ser.
1246 3469 1320 3511 ser.

316 3507 364 3573 ad
379 3510 651 3562 proseffionem
667 3521 904 3565 admittendi
924 3553 936 3575 ,
950 3523 1043 3566 &in
1060 3525 1227 3581 reliquis
1240 3541 1322 3569 om.

312 3579 378 3612 nia
395 3568 472 3607 διε.
501 3569 636 3614 Romae
654 3587 716 3616 at.
730 3581 814 3635 Jan.
834 3594 951 3632 17¹5·

371 3684 599 3795 Εῑξέᾗσβ.
631 3692 769 3735 secret.
795 3697 978 3754 congreg.
1012 3699 1130 3757 mens.=
1155 3699 1202 3749 ὸ·
1226 3706 1322 3746 armi

1115 164 1634 255 Provincia

1668 337 2136 382 DECRETO.

1601 453 1646 505 S.
1668 455 2008 525 Congregationis
2024 455 2184 506 Concili
2193 491 2207 506 .

1387 577 1626 628 Clericum
1651 576 1718 624 N.
1758 573 1814 624 ab
1843 572 2069 643 Episcopo
2098 592 2181 642 pro
2207 575 2418 642 recipiens

1456 648 1525 696 dis
1555 650 1703 714 prima
1718 644 1929 696 Tonsura
1945 681 1960 704 ,
1989 646 2039 697 ὅ(
2066 645 2246 695 duobus
2279 647 2418 696 Ordi-

1454 717 1586 768 nibus
1600 716 1858 765 Minoribus
1874 717 2099 784 prioribus
2114 716 2335 766 duntaxat
2346 716 2421 776 ads

1454 785 1655 846 missurn,
1667 785 1716 838 &
1728 790 1773 835 in
1786 787 1890 837 astu
1903 787 2226 838 Ordinationis
2237 785 2295 836 ad
2308 787 2421 838 alios

1454 870 1636 927 quoque
1663 857 1778 907 duos
1805 858 2071 925 posteriores
2092 858 2136 908 se
2158 871 2418 909 vocatum...

1454 932 1730 997 allegantem
1745 963 1761 986 ,
1783 927 1862 979 sub
1880 929 2140 981 conditione
2164 928 2422 981 re-ordina-

1455 1002 1496 1052 ri
1535 999 1733 1050 sancitur
1749 1033 1763 1047 .

1526 1117 1884 1164 UGENTINA
1926 1120 2291 1163 ORDINUM.

1497 1227 1667 1283 Xposuit
1697 1231 1840 1271 Frater
1881 1231 1935 1270 Ν.
1969 1228 2022 1268 Ν.
2045 1255 2060 1278 ,
2099 1226 2293 1269 Clericus
2336 1229 2418 1271 Or-

1513 1288 1616 1330 dinis
1643 1289 1949 1343 Capucinorum
1978 1285 2199 1329 Provinciae
2227 1285 2421 1340 Hydrun-

1383 1347 1474 1389 tinae
1516 1344 1557 1388 se
1601 1346 1771 1389 Litteris
1823 1343 2154 1389 dimifforialibus
2206 1346 2262 1387 sui
2311 1347 2416 1387 Pro·

1386 1404 1570 1446 vincialis
1595 1406 1819 1453 munitum,
1846 1414 1890 1447 ut
1916 1403 2113 1447 Clericali
2134 1405 2316 1446 Tonsura
2339 1402 2417 1446 ini-

1387 1463 1480 1506 tiari
1496 1467 1533 1506 &
1554 1464 1603 1506 ad
1628 1479 1671 1517 4.
1689 1465 1863 1506 minores
1878 1463 2053 1506 Ordines
2070 1460 2191 1518 posset
2216 1461 2412 1505 ascende-

1387 1537 1433 1565 re
1450 1551 1463 1574 ,
1475 1521 1610 1565 adiisse
1624 1524 1877 1567 Uxentinum
1892 1520 2132 1577 Episcopum
2147 1550 2160 1573 ‚
2175 1521 2288 1575 eujus
2303 1520 2417 1565 Dioe·

1388 1585 1484 1624 cesis
1499 1585 1763 1625 Conventum
1779 1591 1877 1625 tunc
1894 1581 2091 1636 temporis
2108 1579 2315 1622 incolebat
2333 1607 2346 1632 ,
2367 1593 2414 1621 ac

1387 1643 1437 1684 ab
1450 1655 1501 1684 eo
1517 1638 1690 1697 petiisse,
1703 1641 1752 1684 ad
1767 1641 1953 1697 praefatos
1965 1639 2179 1684 Clericalis
2200 1635 2416 1690 Tonsurae,

1383 1702 1423 1741 δε
1444 1713 1486 1754 4.
1509 1701 1715 1742 minorum
1743 1699 1944 1743 Ordinum
1975 1698 2125 1756 gradus
2153 1700 2413 1754 promoveri,

1383 1760 1533 1802 dictum
1552 1762 1652 1802 vero
1670 1759 1878 1803 Praesulem
1906 1758 1975 1801 fibi
1993 1753 2243 1801 renunciasse
2259 1785 2273 1809 ,
2303 1755 2413 1813 quod

1382 1818 1458 1861 una
1482 1819 1549 1861 die
1569 1819 1740 1875 primam
1763 1818 1988 1862 Tonsuram
2001 1848 2017 1869 ,
2043 1818 2084 1859 δι
2108 1816 2236 1860 altera
2261 1812 2416 1858 nonnisi

1384 1878 1486 1921 duos
1503 1878 1659 1934 priores
1687 1879 1841 1921 tantum
1859 1877 2035 1920 Ordines
2057 1875 2222 1918 volebat
2240 1873 2299 1916 illi
2315 1886 2414 1916 con-

1383 1936 1519 1978 ferre.
1551 1936 1911 1994 Qemadmodum
1938 1934 2093 1991 reipsa,
2122 1946 2244 1990 quum
2274 1931 2303 1975 is
2331 1932 2416 1987 pri-

1381 2010 1445 2038 ma
1462 1994 1530 2038 die
1548 1995 1741 2038 Sabbathi
1772 1994 1856 2050 post
1878 1992 2161 2037 pentecostem
2193 1991 2274 2033 sese
2300 1985 2416 2033 stitis-

1382 2053 1442 2096 set
1457 2067 1591 2097 coram
1608 2064 1838 2096 memo-rato
1852 2053 2076 2109 Episcopo,
2090 2051 2287 2095 clericali
2307 2050 2412 2092 dun-

1385 2124 1499 2157 taxat
1517 2113 1696 2156 Tonsura
1708 2114 1884 2156 obtinuit
1905 2111 2078 2167 insigniri
2096 2139 2109 2162 ,
2141 2123 2235 2151 mox
2252 2110 2351 2151 vero
2364 2106 2417 2152 ad

1384 2171 1562 2215 eundem
1577 2172 1815 2215 Antistitem
1841 2175 2024 2214 reversus
2047 2169 2116 2211 die
2135 2169 2308 2224 quadam
2325 2171 2415 2209 Do-

1383 2231 1530 2275 minica
1546 2261 1559 2283 a
1573 2232 1649 2287 qua
1668 2231 1814 2274 Praesul
1829 2232 1901 2273 ille
1919 2232 2115 2273 statuerat
2134 2229 2273 2281 plures
2291 2225 2418 2268 Ordi-

1383 2291 1536 2333 nandos
1565 2291 1616 2333 ad
1642 2291 1827 2347 geminos
1858 2289 2103 2345 posteriores
2118 2285 2295 2328 Ordines
2320 2298 2416 2341 pro·⁴

1385 2363 1551 2392 movere
1568 2378 1582 2401 ‚
1612 2350 1786 2392 monitus
1802 2351 1951 2392 iterum
1965 2347 2040 2390 fuit
2056 2375 2071 2399 ‚
2104 2347 2144 2387 δε
2165 2345 2317 2388 certior
2347 2341 2412 2386 fa.

1382 2412 1465 2451 &us
1491 2408 1542 2450 ab
1558 2409 1638 2464 ipso
1660 2407 1858 2464 Episcopo
1875 2437 1890 2459 ,
1917 2405 2027 2463 quod
2042 2405 2091 2448 ea
2109 2406 2179 2446 die
2207 2404 2308 2446 duos
2325 2412 2416 2445 tau—

1385 2479 1469 2510 tum
1485 2468 1631 2522 primos
1647 2468 1823 2510 minores
1846 2466 2023 2508 Ordines
2047 2475 2136 2507 erat
2152 2462 2213 2504 illi
2241 2460 2417 2504 collatu-

1386 2527 1627 2570 rus.Verum
1644 2527 1784 2582 primis
1801 2525 1907 2567 hisce
1924 2524 2080 2566 duobus
2096 2520 2318 2564 Ordinibus
2333 2519 2414 2577 jam

1383 2586 1573 2640 susceptis
1610 2588 1755 2628 Frater
1785 2587 1840 2627 Ν.
1873 2588 1928 2627 Ν.
1970 2582 2138 2626 audiens
2166 2580 2237 2630 se,
2263 2589 2310 2622 ut
2331 2578 2414 2634 ipse

1380 2642 1538 2696 refert,
1555 2654 1744 2688 vocatum
1759 2658 1848 2687 cum
1866 2642 1953 2686 aliis
1968 2638 2253 2697 promovendis
2269 2637 2320 2681 ad
2340 2652 2413 2693 ge-

1378 2705 1508 2746 minos
1524 2704 1624 2746 alios
1641 2705 1814 2746 minores
1832 2701 2010 2745 Ordines
2022 2730 2035 2753 ‚
2053 2700 2214 2745 securus
2228 2696 2407 2750 acceffit,

1378 2766 1418 2805 &
1434 2763 1544 2817 aeque
1567 2777 1612 2805 ac
1630 2763 1765 2805 caeteri
1783 2760 1858 2804 fuit
1871 2761 2083 2805 ordinatus
2097 2789 2109 2801 .

1436 2821 1497 2865 Ea
1514 2832 1648 2865 autern
1678 2820 1786 2865 sacra
1809 2822 1966 2864 afflone
1981 2818 2185 2870 absoluta,
2212 2828 2333 2874 quum
2347 2815 2416 2858 ad-

1379 2884 1557 2925 verterit
1593 2881 1842 2936 Episcopus,
1883 2883 2069 2922 Fratrem
2099 2881 2151 2920 N.
2189 2879 2241 2919 Ν.
2274 2871 2412 2917 sese.»

1379 2955 1474 2984 cum
1514 2940 1683 2995 reliquis
1722 2940 1773 2982 ad
1816 2937 2088 2994 suscipiendos
2121 2935 2237 2976 binos
2278 2930 2412 2986 poste-

1380 3002 1507 3043 riores
1520 3000 1695 3041 Ordines
1714 2996 1934 3047 intrusisse,
1949 2996 2130 3052 graviter
2153 2995 2254 3034 Eum
2275 2991 2413 3032 incre-

1381 3068 1522 3116 pavit,
1553 3059 1687 3102 eidem
1716 3057 1948 3105 obtestans,
1980 3053 2090 3109 quod
2112 3080 2126 3103 ,
2154 3050 2265 3094 sicuti
2294 3062 2409 3092 mens

1380 3118 1448 3161 fibi
1478 3115 1641 3165 fuerat,
1669 3115 1817 3158 nonnisi
1846 3115 1946 3156 duos
1972 3113 2129 3168 priores
2158 3110 2338 3152 Ordines
2366 3107 2408 3150 ei

1381 3171 1622 3218 conferendi
1638 3202 1652 3224 ,
1681 3174 1735 3215 ita
1751 3181 1918 3216 caveret
1932 3201 1945 3224 ,
1967 3185 2020 3213 ne
2044 3172 2082 3213 se
2102 3172 2336 3225 opinaretur
2352 3166 2406 3208 ad

1382 3234 1484 3277 alios
1514 3231 1647 3275 valide
1676 3230 1912 3288 assumptum
1939 3244 1953 3282 ;
1985 3232 2023 3272 δι
2055 3226 2326 3272 consentanee
2351 3224 2402 3268 ad

1383 3296 1487 3335 hanc
1512 3291 1827 3334 declarationem
1845 3290 1987 3334 Praesul
2017 3289 2087 3331 ille
2102 3290 2140 3330 in
2157 3286 2305 3331 litteris
2330 3297 2403 3325 ex-

1382 3351 1652 3408 primentibus
1689 3350 1864 3393 Ordines
1903 3348 2034 3392 Fratri
2081 3352 2135 3392 Ν.
2168 3350 2221 3389 Ν.
2270 3342 2404 3386 colla-

1382 3421 1474 3460 τος,
1508 3424 1585 3451 non
1617 3410 1683 3451 nisi
1714 3409 1936 3452 Tonsuram
1971 3408 2012 3448 &
2038 3406 2138 3449 duos
2154 3405 2303 3459 primos
2319 3401 2400 3443 Mi-

1383 3482 1500 3512 nores
1516 3468 1689 3511 Ordines
1720 3469 1848 3511 voluit
1876 3465 2111 3523 significari.
2145 3466 2192 3506 In
2219 3464 2296 3503 hoc
2326 3459 2403 3501 ita-

1384 3541 1462 3582 que
1477 3542 1612 3568 rerum
1636 3528 1734 3570 statu
1761 3526 1997 3583 supplicavit
2013 3526 2155 3567 Frater
2190 3523 2243 3563 Ν.
2260 3523 2315 3563 Ν.
2354 3518 2404 3561 ab

1385 3587 1459 3629 hac
1483 3590 1524 3628 S.
1539 3587 1872 3642 Congregatione
1888 3585 2082 3634 decerni,
2107 3594 2204 3624 num
2220 3577 2301 3635 ipse
2314 3590 2399 3620 mo-

1384 3645 1438 3687 do
1453 3655 1576 3698 queat
1601 3646 1650 3687 ad
1669 3649 1806 3688 Sacros
1821 3643 1994 3686 Ordines
2017 3641 2237 3684 ascendere
2252 3665 2264 3679 .

1440 3703 1659 3758 Episcopus
1686 3706 1758 3745 hac
1781 3704 1833 3747 de
1856 3715 1900 3745 re
1915 3700 2030 3756 jussus
2051 3694 2392 3742 Eminentiffimos

1380 3764 1527 3805 Patres
1581 3762 1780 3805 instruere
1816 3788 1831 3811 a
1877 3758 2091 3803 confirmat
2135 3759 2332 3858 pleraqpe
2373 3755 2398 3798 ὲ

2298 3828 2343 3855 ϊ.
