2618 4108
312 342 314 345 ·
360 253 532 341 270

593 342 772 396 Eodem
806 351 1112 416 argumento.

382 470 580 521 Atergo:
610 464 767 507 DiletJo
798 466 932 518 Filio,
960 466 1099 511 Nobili
1130 470 1248 521 Viro,

607 524 827 581 Augustino
848 525 998 585 Mescra
1012 555 1025 569 .

293 645 893 701 GREGORIUS
951 648 1162 699 PAPA
1221 649 1339 698 XV.

292 765 451 809 Diche
473 763 728 814 Fil52Nobilis
749 767 995 825 Vir-,salutem
1010 768 1062 818 ὠ·
1078 767 1337 826 Apostolicam

651 825 956 869 Benedtelionem
965 853 978 867 .

399 945 541 989 Offunt
557 944 680 986 etiam
699 942 817 999 longe
838 945 888 987 ab
903 945 991 988 acie
1003 947 1043 987 &
1056 945 1192 988 castris
1211 958 1333 1000 egre-

418 1005 471 1061 gii
490 1005 577 1047 Viri
594 1004 799 1052 militare,
825 1005 1191 1061 &Rempublicam
1215 1001 1333 1046 forti-

292 1076 359 1107 ter
386 1064 492 1106 tueri
506 1092 517 1103 .
549 1063 788 1105 Communis
816 1065 923 1106 enim
957 1064 1059 1107 salus
1093 1079 1173 1106 non
1202 1064 1331 1106 minus

290 1123 529 1179 Principum
547 1120 767 1165 concordia
783 1151 795 1173 ,
809 1126 926 1178 quam
942 1124 1116 1166 militum
1134 1123 1252 1165 armis
1269 1121 1329 1165 sae.

287 1197 341 1240 pe
369 1180 635 1225 confirmatur
662 1209 672 1221 .
695 1183 839 1234 Quare
867 1181 986 1224 facile
1011 1182 1223 1225 intellectu
1251 1182 1331 1233 est,

287 1242 408 1299 quam
427 1241 586 1282 firmum
615 1240 652 1280 in
667 1241 839 1294 optimis
866 1240 1038 1283 confiliis
1067 1242 1238 1298 publicae
1268 1242 1329 1283 in-

291 1299 522 1343 columitati
540 1297 759 1353 praesidium
775 1298 847 1341 fit.
877 1299 975 1356 Ejus
992 1301 1051 1342 rei
1078 1315 1168 1342 cum
1185 1299 1325 1353 plura,

271 1372 421 1416 'eaque
438 1357 605 1399 illustria
626 1356 870 1399 documenta
889 1359 1100 1402 extiterint
1117 1360 1153 1400 in
1170 1359 1325 1413 pietate

284 1421 325 1460 &
343 1416 558 1474 prudentia
576 1424 662 1465 tua,
681 1429 758 1470 qua
775 1417 999 1459 Catholicae
1018 1417 1242 1472 Religionis
1262 1417 1324 1459 di-

282 1479 437 1519 tionem
463 1475 693 1517 constanter
720 1489 977 1531 propugnare
996 1475 1144 1520 diceris
1174 1478 1214 1518 in
1235 1475 1322 1518 His-

283 1536 485 1593 panienfis
504 1533 628 1588 Regis
644 1532 733 1576 aula
754 1564 768 1586 ,
793 1537 817 1579 a
834 1535 1068 1583 Nobilitate
1084 1547 1151 1579 tua
1167 1565 1182 1587 ,
1210 1536 1319 1592 quod

280 1594 520 1638 facillimum
546 1593 602 1635 est
621 1622 634 1643 ,
664 1594 865 1647 petimus,
893 1605 938 1637 ut
969 1596 1060 1637 Tibi
1087 1596 1220 1638 fimilis
1248 1596 1322 1646 sis,

281 1666 434 1710 tuaque
459 1651 539 1708 ipse
563 1652 748 1707 exempla
769 1653 805 1694 in
823 1655 1164 1698 Germanicarum
1181 1669 1319 1698 rerum

277 1713 510 1757 discrimine
529 1710 689 1755 imitere
703 1741 712 1751 .
739 1711 848 1766 Quid
879 1725 1015 1755 autem
1049 1713 1151 1756 aTe
1180 1715 1319 1769 praeci-

276 1774 358 1831 pue
374 1772 618 1828 postulemus
634 1800 647 1821 ,
665 1771 827 1812 uberius
847 1774 1020 1828 accipies
1036 1772 1057 1815 ἃ
1075 1774 1238 1815 Dilecto
1254 1774 1318 1816 Fi-

275 1835 351 1882 lio,
370 1835 436 1874 Fr.
453 1831 690 1885 Hyacintho
705 1829 927 1883 Casalenfi,
942 1833 1153 1888 Capucino
1166 1860 1180 1880 a
1198 1848 1316 1888 quem

274 1893 299 1935 ἓ
315 1893 536 1934 Germania
570 1889 813 1932 redeuntem
831 1890 1066 1947 ablegamus
1090 1893 1139 1934 ad
1157 1891 1317 1935 Charis-

270 1955 411 1995 fimum
425 1950 464 1991 in
480 1949 644 1992 Christo
660 1948 804 1991 Filium
827 1951 1003 1992 nostrum
1016 1979 1029 2001 ,
1044 1951 1307 1995 Catholicum

268 2015 433 2066 Regem
449 2038 464 2060 ,
488 2017 533 2049 ut
557 2006 779 2063 graviffima
810 2010 972 2064 negotia
1005 2011 1304 2065 quamprimum

267 2070 404 2115 nostro
419 2068 582 2109 nomine
598 2063 848 2108 conficienda
864 2078 978 2110 curet
998 2095 1010 2107 -
1035 2070 1081 2110 Ei
1101 2082 1202 2122 ergo
1221 2071 1305 2111 fian-

268 2126 458 2172 &imoniz'i
476 2154 490 2176 ‚
516 2124 757 2181 prudentia,
788 2136 915 2181 atque
941 2126 1175 2183 eloquentia
1197 2127 1302 2183 apud

262 2188 434 2232 Italicos
459 2184 675 2227 clariffimo
701 2185 741 2225 &
770 2187 1109 2229 Germanicarum
1141 2197 1301 2241 pertur—

263 2248 476 2291 bationum
495 2244 628 2298 perito
644 2271 660 2293 ,
673 2243 846 2285 eandem
861 2271 875 2293 ,
901 2259 1022 2301 quam
1041 2245 1170 2285 Nobis
1186 2245 1271 2300 ipsis
1285 2275 1300 2295 ,

262 2306 391 2350 fidem
408 2305 557 2347 habere
574 2302 725 2358 poterit
743 2303 948 2346 Nobilitas
966 2307 1051 2346 Tua
1065 2331 1079 2352 ,
1097 2317 1180 2359 quae
1193 2333 1206 2355 ,
1221 2304 1243 2345 si
1261 2304 1299 2345 ei

264 2366 473 2423 publicam
503 2362 1135 2418 Religionis&1mperiicausam
1164 2363 1301 2420 agenti

261 2423 470 2480 suffragata
487 2421 626 2472 suerit,
643 2422 682 2460 &
699 2423 962 2464 Germaniam
974 2433 1115 2464 contra
1142 2423 1302 2465 haereti-

259 2498 404 2527 corum
425 2481 836 2537 perfidiam,quamvis
852 2483 1006 2532 absens,
1022 2481 1221 2524 desendet
1234 2509 1247 2531 ,
1261 2484 1301 2524 &
1349 2495 1351 2497 ·

262 2542 523 2586 Pontificiam
543 2540 877 2581 benevolentiam
895 2541 1065 2582 nostram
1086 2555 1299 2594 promere-

263 2604 400 2644 bitur.
428 2606 487 2644 Ac
507 2600 615 2648 Tibi,
634 2599 789 2641 Dileete
802 2599 895 2649 Fili,
913 2601 1070 2641 Nobilis
1087 2601 1298 2654 Vir,Apo-

261 2661 445 2703 stolicam
460 2659 793 2701 Benedictionem
821 2670 1081 2713 peramanter
1108 2659 1295 2716 imperti-

261 2735 374 2776 mur..
394 2724 543 2762 Datum
562 2727 606 2758 ut
619 2717 753 2773 stapra
766 2745 778 2757 .

313 2841 373 2880 Ex
389 2834 830 2896 RegestopraediHofhl.
846 2852 866 2894 3
880 2851 942 2882 12.

491 2978 606 2990 —
979 2979 1167 2996 —*=
1174 2983 1290 2994 —

521 3075 696 3126 Eodem
723 3091 996 3147 argumento
1009 3113 1023 3128 .

253 3196 293 3237 ‘A
310 3202 440 3253 tergo:
458 3195 612 3238 Dileflo
642 3197 770 3246 Filio,
801 3197 937 3238 Nobili
967 3195 1053 3241 Viro
1067 3224 1081 3248 ,
1108 3200 1160 3240 N.
1179 3196 1284 3240 Duci

605 3257 755 3298 Montis
778 3256 913 3299 Leonis
927 3285 939 3297 .

258 3375 791 3429 GREGORIUS
847 3378 1092 3428 PAPA
1151 3380 1279 3427 XV·

252 3490 409 3537 Ducen-
423 3490 520 3539 Fili,
527 3489 674 3533 Nobilis
693 3494 941 3547 Wr,fhlutem
959 3496 1008 3544 θ’
1023 3496 1278 3554 Apostolicam

607 3551 913 3597 BenediHioncm
922 3584 935 3597 .

306 3665 438 3713 Talici
451 3665 623 3709 nominis
640 3667 766 3712 decus
781 3671 1128 3719 est,Nobilitatem
1145 3675 1273 3717 Tuam

326 3730 365 3771 in
381 3739 520 3769 earum
536 3724 702 3767 laudum
721 3728 991 3783 possessionem
1006 3734 1141 3776 vocari
1157 3762 1171 3785 ,
1186 3736 1273 3788 qui..

244 3790 316 3831 bus
344 3783 612 3840 Hispanienfis
630 3786 743 3827 Aulae
771 3790 995 3844 amplitudo
1020 3803 1269 3835 exornatur.

243 3850 332 3891 Nos
358 3844 523 3902 quidem
541 3845 635 3886 Tuae
651 3844 813 3900 pietatis
838 3847 975 3904 gloriae
991 3848 1173 3895 faventes
1189 3877 1203 3901 2
1218 3851 1270 3897 li·r

1150 230 1620 321 Custodia

1402 350 1553 395 benter
1573 351 1668 395 Tibi
1697 352 1946 396 occafionem
1964 353 2195 408 offerimus,
2221 373 2435 418 perquam

1399 412 1518 453 novis
1536 411 1695 467 semper
1711 412 1972 456 catholicam
1992 417 2254 472 Religionem
2274 422 2435 462 meritis

1399 471 1611 512 cumulare
1628 471 1739 527 poffis
1756 503 1767 512 .
1797 476 1893 514 Non
1911 477 2133 517 mediocris
2151 479 2249 518 vero
2264 477 2434 534 ejula-2..

1398 529 1458 570 rei
1473 527 1643 572 facultas
1662 530 1794 573 aderit
1808 562 1824 582 ,
1844 534 2036 576 veniente
2051 537 2090 576 in
2107 535 2336 591 Hispaniam
2355 541 2432 582 Di-

1403 586 1508 630 lecto
1521 590 1709 637 Fili02Fr.
1725 593 1960 646 Hyacinthe
1975 593 2429 649 Casalenfi,Capucino,

1401 645 1424 687 ὲ
1438 661 1522 702 quo
1537 646 1676 691 literas
1696 652 1845 693 nostras
1861 653 2035 707 accipies
2049 682 2060 693 .
2084 657 2149 696 Ab
2165 656 2329 704 eo,vitae
2343 652 2433 698 san-

1399 707 1590 749 ‹ftimonia
1607 710 1804 764 praecipuo
1819 739 1833 762 ,
1857 713 1896 753 δι
1909 714 2245 755 Germanicarum
2261 725 2431 770 pertur-

1399 764 1608 808 bationum
1625 769 1882 821 peritiffimo,
1907 772 2071 816 uberius
2091 773 2330 816 sententiam
2359 788 2433 815 no·-

1400 822 1518 865 stram
1537 825 1763 881 intelliges.
1790 829 2061 874 Nobilitatem
2080 833 2211 874 Tuam
2225 846 2431 888 rogamus,

1397 890 1444 923 ut
1464 884 1501 925 ei
1516 897 1597 926 non
1615 884 1738 929 solum
1756 887 1931 931 eandem
1945 917 1960 940 ,
1973 904 2091 946 quam
2110 892 2240 933 Nobis
2257 893 2370 947 ipsis,
2387 891 2431 933 fi-

1393 940 1489 982 dem
1506 942 1652 985 habeas
1668 974 1683 997 ‚
1714 945 1782 988 sed
1799 946 1981 990 officiose
2001 951 2124 993 etiam
2153 953 2262 993 omni
2291 965 2425 1006 opt-⁸

1392 997 1622 1056 suffrageris
1638 1033 1652 1054 ,
1674 1013 1864 1061 tanquam
1885 1007 1987 1048 Viro
2022 1009 2149 1051 Nobis
2181 1010 2400 1065 gratissimo
2415 1039 2428 1051 .

1393 1059 1524 1117 Cujus
1540 1062 1704 1118 quidem
1729 1063 1900 1107 consiliis
1915 1093 1929 1117 ‚
1952 1065 1978 1107 fi
1996 1066 2222 1110 miserentis
2244 1072 2319 1110 Dei
2336 1070 2428 1110 cle-

1392 1121 1544 1162 mentia
1563 1149 1576 1172 ,
1606 1123 1644 1163 &
1661 1123 1889 1179 Principum
1916 1124 2261 1169 consentientium
2281 1127 2427 1169 volun-

1394 1189 1455 1220 tas
1480 1178 1691 1234 aspirarit,
1727 1180 1927 1237 speramus
1943 1184 2182 1238 graviffimis
2198 1186 2390 1241 periculis
2405 1215 2422 1238 ,

1392 1238 1535 1291 quibus
1551 1254 1595 1282 ea
1616 1238 1769 1294 jamdiu
1787 1243 2321 1294 conflioarurssatholicam
2337 1246 2427 1288 Re-

1390 1296 1583 1351 ligionem
1605 1299 1647 1341 in
1671 1302 1890 1343 Germania
1919 1302 2085 1345 liberari
2102 1306 2208 1359 polle
2224 1335 2238 1357 ,
2266 1319 2311 1348 ac
2332 1304 2427 1346 Tibi·

1389 1356 1551 1399 Dileste
1569 1358 1669 1407 Fili,
1697 1360 1859 1402 Nobilis
1876 1362 1949 1404 Vir
1963 1391 1976 1413 ‚
2002 1363 2278 1416 Apostolicam
2294 1365 2420 1406 Bene·

1389 1414 1606 1457 dictionem
1624 1430 1889 1473 peramanter
1915 1421 2199 1477 impertimur.
2232 1426 2423 1466 Datum

1386 1475 1569 1534 utsttpra
1582 1504 1593 1515 .

1443 1597 1502 1637 Ex
1523 1598 1617 1653 Reg.
1638 1595 1862 1655 praed.sol.
1883 1610 1983 1654 313.

1401 1734 2178 1751 ——n———n———o
2185 1738 2420 1754 *-

1379 1835 1590 1885 Eundem
1601 1836 1867 1906 inBelgium
1880 1838 2092 1888 reducem
2103 1841 2412 1892 commendat.

1404 1956 1439 1995 A
1472 1963 1615 2009 tergo:
1654 1954 1818 1996 Dileffae
1838 1958 1881 1996 in
1910 1957 2062 2015 Christo
2084 1960 2201 2001 Filiae
2217 1988 2230 2009 ,
2247 1959 2381 2002 Nobila·

1424 2014 1621 2062 Mulieri,
1633 2013 1806 2070 lsabellae
1819 2041 1832 2064 ,
1856 2016 2135 2074 Archiduciff'ae
2152 2017 2347 2075 Austriae,

1557 2073 1842 2127 Hispaniarum
1869 2071 2053 2131 Infanti,
2077 2077 2235 2120 Vidua-.-

1367 2193 1956 2268 GREGORIUS
2008 2195 2227 2245 PAPA
2273 2199 2405 2246 XV.

1366 2309 1522 2354 Dileffla
1533 2311 1575 2351 in
1591 2310 1742 2367 Christo
1760 2315 1808 2356 Fi
1819 2311 2039 2365 'domabilis
2055 2313 2406 2372 Muliersalutcm,

1539 2369 1587 2418 δ’
1605 2371 1862 2427 Apostolicam
1890 2371 2221 2414 Benedielionem.

1501 2487 1729 2531 Rthodoxae
1749 2491 1975 2546 Religionis
1997 2491 2124 2534 hostes
2139 2520 2153 2541 ,
2176 2491 2401 2546 aeternique

1523 2549 1644 2603 Reg's
1663 2549 1898 2603 proditores
1927 2551 2135 2602 baeretici,
2163 2563 2244 2591 non
2273 2550 2399 2594 solum

1359 2606 1541 2664 linguam
1569 2608 1704 2655 suam,
1736 2611 1842 2663 quali
1871 2624 2008 2651 arcum
2035 2607 2237 2651 mendacii
2259 2609 2398 2651 inten-

1357 2665 1817 2721 derunt,sacril¹·garum
1842 2670 2076 2722 opinionum
2093 2669 2294 2724 portentis
2311 2672 2399 2710 Ca-

1356 2725 1551 2768 tholicam
1578 2727 1793 2768 veritatem
1816 2739 2128 2784 oppugnantes,
2157 2726 2223 2768 sed
2250 2728 2391 2782 impias

1352 2786 1476 2826 etiam
1492 2799 1627 2828 manus
1659 2787 1896 2836 armarunt,
1930 2788 2079 2829 innoxii
2101 2787 2315 2839 sanguinis
2347 2788 2394 2828 ii-

1353 2844 1497 2887 tientes
1513 2875 1526 2895 ,
1562 2846 1912 2899 Templorumnue
1929 2848 2053 2888 ruinis
2079 2847 2303 2899 impietatis
2325 2859 2393 2888 ar-

1353 2917 1420 2945 ces
1452 2916 1647 2946 extruere
1678 2908 1929 2961 cogitantes.
1961 2906 2140 2948 Peccatis
2176 2906 2388 2946 hominum

1351 2964 1700 3006 commerentibus
1717 2995 1729 3016 ,
1756 2980 1839 3021 quae
1866 2963 2009 3007 sceleri
2033 2979 2107 3006 non
2136 2963 2259 3004 solum
2292 2977 2388 3018 per·-

1351 3019 1459 3078 fugia
1474 3051 1488 3074 ,
1516 3022 1582 3066 sed
1602 3027 1743 3080 Regna
1767 3027 1806 3066 in
1823 3023 2004 3079 pluribus
2026 3025 2191 3076 Europae
2211 3023 2383 3064 Provin-

1347 3082 1420 3124 ciis
1443 3085 1715 3137 compararint
1733 3112 1747 3134 ,
1775 3083 1888 3137 hujus
1903 3081 2030 3124 aetatis
2045 3108 2059 3131 ,
2087 3079 2292 3136 totiusque
2317 3090 2388 3125 be·

1349 3141 1589 3196 ptentrionis
1613 3140 1779 3183 miseriae
1794 3141 2033 3183 declarant.
2066 3143 2153 3183 Nos
2182 3141 2384 3195 quidem..-

1344 3200 1441 3243 ist'uc
1459 3203 1636 3243 Paternae
1658 3201 1811 3242 Nostrae
1834 3198 2116 3242 sollicitudinis
2134 3199 2277 3242 oculos
2292 3198 2382 3242 affi-

1344 3260 1424 3302 due
1450 3259 1754 3313 lachrymantes
1780 3261 2087 3308 convertimus,
2114 3261 2378 3313 vitamque-³

1342 3321 1517 3362 nostram
1546 3331 1621 3373 pro
1646 3319 1808 3362 istarum
1841 3317 2148 3361 provinciarum
2177 3318 2303 3360 salute
2331 3318 2380 3359 li·

1343 3380 1489 3420 benter
1505 3378 1802 3433 pacisceremur
1820 3405 1833 3429 ,
1862 3380 1889 3419 ss
1917 3392 1964 3419 ea
1990 3378 2116 3420 tantis
2137 3376 2376 3419 vulneribus

1340 3447 1567 3493 opportuna
1581 3437 1744 3480 medela
1759 3437 1867 3479 soret
1880 3467 1890 3477 .
1908 3436 1988 3480 Sed
2003 3437 2119 3478 certe
2134 3464 2148 3486 ,
2162 3435 2270 3491 quod
2290 3433 2378 3489 pos-

1339 3495 1472 3540 sumus
1487 3525 1502 3549 ,
1517 3496 1816 3539 accuratiffimis
1829 3496 2020 3551 precibus
2036 3495 2186 3536 iratum
2206 3498 2373 3536 Numen

1338 3556 1500 3612 placare
1522 3582 1536 3604 ,
1571 3559 1891 3609 Sane'torumque
1916 3553 2065 3596 auxilia
2093 3553 2172 3595 istis
2202 3553 2371 3609 Populis

1336 3616 1663 3672 periclitantibus
1687 3628 1825 3671 parare
1840 3627 2035 3656 conamur
2051 3641 2063 3652 .
2090 3614 2195 3653 Tum
2213 3627 2259 3654 ea
2275 3612 2374 3656 dili-

1336 3685 1483 3730 genter
1508 3674 1667 3718 confilia
1683 3672 1978 3729 expendimus,
2004 3671 2147 3725 quibus
2175 3673 2368 3716 testemur

1334 3733 1676 3789 consequentibus
1704 3731 1884 3775 aetatibus
1900 3758 1915 3780 ,
1940 3731 2174 3787 exterisque
2197 3733 2369 3774 Provin-

1330 3793 1402 3834 ciis
1432 3792 1529 3835 nihil
1556 3792 1576 3835 a
1608 3789 1805 3835 Pontifice
1839 3792 2025 3832 Romano
2055 3789 2229 3833 alienum
2255 3788 2364 3843 effe,

1329 3851 1439 3909 quod
1462 3851 1511 3897 ad
1540 3851 1766 3896 Catholicae
1795 3849 2023 3907 Religionis
2055 3848 2331 3953 dignitgtgm..
2351 3878 2366 3903 ,

2257 3922 2308 3950 ri-
