<?xml version="1.0" encoding="UTF-8"?>
<!DOCTYPE html PUBLIC "-//W3C//DTD XHTML 1.0 Transitional//EN"
    "http://www.w3.org/TR/xhtml1/DTD/xhtml1-transitional.dtd">
<html xmlns="http://www.w3.org/1999/xhtml" xml:lang="en" lang="en">
 <head>
  <title>
</title>
<meta http-equiv="Content-Type" content="text/html;charset=utf-8" />
  <meta name='ocr-system' content='tesseract 3.04.00' />
  <meta name='ocr-capabilities' content='ocr_page ocr_carea ocr_par ocr_line ocrx_word'/>
</head>
<body>
  <div class='ocr_page' id='page_1' title='image "./bullariumordinis03cath_0036.png"; bbox 0 0 2716 4042; ppageno 0'>
   <div class='ocr_carea' id='block_1_1' title="bbox 417 183 2408 520">
    <p class='ocr_par' dir='ltr' id='par_1_1' title="bbox 417 183 2408 520">
     <span class='ocr_line' id='line_1_1' title="bbox 418 183 1963 298; baseline -0.003 -17"><span class='ocrx_word' id='word_1_1' title='bbox 418 196 586 282; x_wconf 64' lang='lat' dir='ltr'><strong>xxa</strong></span> <span class='ocrx_word' id='word_1_2' title='bbox 907 183 1963 298; x_wconf 65' lang='lat' dir='ltr'><strong>PRosEevrlo</strong></span> 
     </span>
     <span class='ocr_line' id='line_1_2' title="bbox 417 366 2408 520; baseline -0.005 0"><span class='ocrx_word' id='word_1_3' title='bbox 417 395 1213 520; x_wconf 81' lang='lat' dir='ltr'>CAPUT</span> <span class='ocrx_word' id='word_1_4' title='bbox 1387 366 2408 516; x_wconf 84' lang='lat' dir='ltr'><strong>SEXTUM</strong></span> 
     </span>
    </p>
   </div>
   <div class='ocr_carea' id='block_1_2' title="bbox 970 651 1931 743">
    <p class='ocr_par' dir='ltr' id='par_1_2' title="bbox 970 651 1931 743">
     <span class='ocr_line' id='line_1_3' title="bbox 970 651 1931 743; baseline -0.001 0"><span class='ocrx_word' id='word_1_5' title='bbox 970 656 1135 743; x_wconf 84' lang='lat' dir='ltr'><strong>De</strong></span> <span class='ocrx_word' id='word_1_6' title='bbox 1230 651 1931 743; x_wconf 53' lang='lat' dir='ltr'><strong>Decretisp</strong></span> 
     </span>
    </p>
   </div>
   <div class='ocr_carea' id='block_1_3' title="bbox 805 932 2004 1272">
    <p class='ocr_par' dir='ltr' id='par_1_3' title="bbox 805 932 2004 1272">
     <span class='ocr_line' id='line_1_4' title="bbox 805 932 2004 1029; baseline -0.008 0"><span class='ocrx_word' id='word_1_7' title='bbox 805 938 862 1029; x_wconf 88' lang='lat' dir='ltr'>S</span> <span class='ocrx_word' id='word_1_8' title='bbox 960 935 1035 1028; x_wconf 88' lang='lat' dir='ltr'>E</span> <span class='ocrx_word' id='word_1_9' title='bbox 1132 935 1214 1026; x_wconf 88' lang='lat' dir='ltr'>C</span> <span class='ocrx_word' id='word_1_10' title='bbox 1312 935 1395 1027; x_wconf 90' lang='lat' dir='ltr'>T</span> <span class='ocrx_word' id='word_1_11' title='bbox 1470 935 1540 1024; x_wconf 75' lang='lat' dir='ltr'><strong>&#39;I</strong></span> <span class='ocrx_word' id='word_1_12' title='bbox 1637 934 1728 1024; x_wconf 89' lang='lat' dir='ltr'>O</span> <span class='ocrx_word' id='word_1_13' title='bbox 1922 932 2004 1021; x_wconf 78' lang='grc' dir='ltr'><strong>Ι.</strong></span> 
     </span>
     <span class='ocr_line' id='line_1_5' title="bbox 849 1175 1991 1272; baseline -0.007 -26"><span class='ocrx_word' id='word_1_14' title='bbox 849 1178 945 1246; x_wconf 88' lang='lat' dir='ltr'><strong>De</strong></span> <span class='ocrx_word' id='word_1_15' title='bbox 982 1181 1222 1247; x_wconf 85' lang='lat' dir='ltr'><strong>ratione</strong></span> <span class='ocrx_word' id='word_1_16' title='bbox 1236 1178 1515 1272; x_wconf 83' lang='lat' dir='ltr'><strong>formali</strong></span> <span class='ocrx_word' id='word_1_17' title='bbox 1555 1175 1991 1246; x_wconf 60' lang='lat' dir='ltr'><strong>Decretorum.&lt;</strong></span> 
     </span>
    </p>
   </div>
   <div class='ocr_carea' id='block_1_4' title="bbox 314 1403 2476 3627">
    <p class='ocr_par' dir='ltr' id='par_1_4' title="bbox 314 1403 2476 2700">
     <span class='ocr_line' id='line_1_6' title="bbox 352 1403 2468 1567; baseline -0.004 -89"><span class='ocrx_word' id='word_1_18' title='bbox 352 1416 584 1567; x_wconf 83' lang='lat' dir='ltr'><strong>AD</strong></span> <span class='ocrx_word' id='word_1_19' title='bbox 605 1412 831 1502; x_wconf 69' lang='lat' dir='ltr'><strong>pauca}</strong></span> <span class='ocrx_word' id='word_1_20' title='bbox 862 1414 1274 1484; x_wconf 89' lang='lat' dir='ltr'><strong>Decretorum</strong></span> <span class='ocrx_word' id='word_1_21' title='bbox 1288 1414 1689 1502; x_wconf 87' lang='lat' dir='ltr'><strong>Categoriam</strong></span> <span class='ocrx_word' id='word_1_22' title='bbox 1707 1460 1725 1488; x_wconf 90' lang='lat'>,</span> <span class='ocrx_word' id='word_1_23' title='bbox 1755 1410 1896 1476; x_wconf 74' lang='lat' dir='ltr'><strong>alias</strong></span> <span class='ocrx_word' id='word_1_24' title='bbox 1917 1407 2002 1474; x_wconf 79' lang='lat' dir='ltr'><strong>sat</strong></span> <span class='ocrx_word' id='word_1_25' title='bbox 2019 1403 2323 1481; x_wconf 77' lang='lat' dir='ltr'><strong>diffusam,</strong></span> <span class='ocrx_word' id='word_1_26' title='bbox 2349 1427 2468 1498; x_wconf 92' lang='lat' dir='ltr'><strong>pro</strong></span> 
     </span>
     <span class='ocr_line' id='line_1_7' title="bbox 563 1497 2468 1593; baseline -0.003 -25"><span class='ocrx_word' id='word_1_27' title='bbox 563 1527 738 1570; x_wconf 90' lang='lat' dir='ltr'><strong>more</strong></span> <span class='ocrx_word' id='word_1_28' title='bbox 777 1505 1077 1592; x_wconf 85' lang='lat' dir='ltr'><strong>restringo</strong></span> <span class='ocrx_word' id='word_1_29' title='bbox 1119 1505 1176 1570; x_wconf 67' lang='grc' dir='ltr'>δί</span> <span class='ocrx_word' id='word_1_30' title='bbox 1211 1505 1482 1580; x_wconf 90' lang='lat' dir='ltr'><strong>ratione,</strong></span> <span class='ocrx_word' id='word_1_31' title='bbox 1528 1523 1692 1579; x_wconf 90' lang='lat' dir='ltr'><strong>tum,</strong></span> <span class='ocrx_word' id='word_1_32' title='bbox 1741 1503 1913 1593; x_wconf 93' lang='lat' dir='ltr'><strong>quod</strong></span> <span class='ocrx_word' id='word_1_33' title='bbox 1951 1500 2140 1568; x_wconf 91' lang='lat' dir='ltr'><strong>libros</strong></span> <span class='ocrx_word' id='word_1_34' title='bbox 2174 1497 2468 1590; x_wconf 83' lang='lat' dir='ltr'><strong>Jurispru-</strong></span> 
     </span>
     <span class='ocr_line' id='line_1_8' title="bbox 351 1590 2471 1687; baseline -0.003 -27"><span class='ocrx_word' id='word_1_35' title='bbox 351 1596 575 1660; x_wconf 80' lang='lat' dir='ltr'><strong>dentiae</strong></span> <span class='ocrx_word' id='word_1_36' title='bbox 607 1595 862 1662; x_wconf 84' lang='lat' dir='ltr'><strong>habenti</strong></span> <span class='ocrx_word' id='word_1_37' title='bbox 897 1619 1015 1687; x_wconf 92' lang='lat' dir='ltr'><strong>pro</strong></span> <span class='ocrx_word' id='word_1_38' title='bbox 1053 1595 1187 1661; x_wconf 80' lang='lat' dir='ltr'><strong>casu</strong></span> <span class='ocrx_word' id='word_1_39' title='bbox 1214 1593 1577 1662; x_wconf 77' lang='lat' dir='ltr'><strong>necessitatis</strong></span> <span class='ocrx_word' id='word_1_40' title='bbox 1608 1617 1679 1659; x_wconf 90' lang='lat' dir='ltr'><strong>ea</strong></span> <span class='ocrx_word' id='word_1_41' title='bbox 1713 1594 1899 1659; x_wconf 91' lang='lat' dir='ltr'><strong>obvia</strong></span> <span class='ocrx_word' id='word_1_42' title='bbox 1930 1592 2002 1658; x_wconf 89' lang='lat' dir='ltr'><strong>fit</strong></span> <span class='ocrx_word' id='word_1_43' title='bbox 2022 1643 2040 1669; x_wconf 86' lang='lat'>,</span> <span class='ocrx_word' id='word_1_44' title='bbox 2085 1609 2252 1668; x_wconf 92' lang='lat' dir='ltr'><strong>tum,</strong></span> <span class='ocrx_word' id='word_1_45' title='bbox 2293 1590 2471 1682; x_wconf 90' lang='lat' dir='ltr'><strong>quod</strong></span> 
     </span>
     <span class='ocr_line' id='line_1_9' title="bbox 353 1686 2472 1776; baseline -0.002 -26"><span class='ocrx_word' id='word_1_46' title='bbox 353 1690 622 1776; x_wconf 87' lang='lat' dir='ltr'><strong>amplior</strong></span> <span class='ocrx_word' id='word_1_47' title='bbox 653 1690 812 1755; x_wconf 89' lang='lat' dir='ltr'><strong>illius</strong></span> <span class='ocrx_word' id='word_1_48' title='bbox 843 1689 1140 1756; x_wconf 66' lang='lat' dir='ltr'><strong>deductio</strong></span> <span class='ocrx_word' id='word_1_49' title='bbox 1170 1688 1281 1754; x_wconf 84' lang='lat' dir='ltr'><strong>fini</strong></span> <span class='ocrx_word' id='word_1_50' title='bbox 1321 1712 1466 1754; x_wconf 91' lang='lat' dir='ltr'><strong>meo</strong></span> <span class='ocrx_word' id='word_1_51' title='bbox 1498 1710 1632 1764; x_wconf 92' lang='lat' dir='ltr'><strong>non</strong></span> <span class='ocrx_word' id='word_1_52' title='bbox 1666 1688 1997 1751; x_wconf 91' lang='lat' dir='ltr'><strong>conducat.</strong></span> <span class='ocrx_word' id='word_1_53' title='bbox 2033 1686 2194 1750; x_wconf 88' lang='lat' dir='ltr'><strong>Inde</strong></span> <span class='ocrx_word' id='word_1_54' title='bbox 2215 1733 2232 1760; x_wconf 87' lang='lat'>‚</span> <span class='ocrx_word' id='word_1_55' title='bbox 2280 1705 2472 1773; x_wconf 89' lang='lat' dir='ltr'><strong>quan-</strong></span> 
     </span>
     <span class='ocr_line' id='line_1_10' title="bbox 350 1775 2470 1873; baseline -0.002 -30"><span class='ocrx_word' id='word_1_56' title='bbox 350 1783 586 1847; x_wconf 86' lang='lat' dir='ltr'><strong>tumvis</strong></span> <span class='ocrx_word' id='word_1_57' title='bbox 628 1785 964 1850; x_wconf 80' lang='lat' dir='ltr'><strong>Decretum</strong></span> <span class='ocrx_word' id='word_1_58' title='bbox 998 1781 1272 1873; x_wconf 86' lang='lat' dir='ltr'><strong>pluribus</strong></span> <span class='ocrx_word' id='word_1_59' title='bbox 1307 1783 1508 1849; x_wconf 89' lang='lat' dir='ltr'><strong>modis</strong></span> <span class='ocrx_word' id='word_1_60' title='bbox 1529 1831 1547 1858; x_wconf 90' lang='lat'>‚</span> <span class='ocrx_word' id='word_1_61' title='bbox 1595 1802 1752 1870; x_wconf 88' lang='lat' dir='ltr'><strong>quos</strong></span> <span class='ocrx_word' id='word_1_62' title='bbox 1781 1778 2110 1844; x_wconf 90' lang='lat' dir='ltr'><strong>Durandus</strong></span> <span class='ocrx_word' id='word_1_63' title='bbox 2143 1779 2212 1841; x_wconf 83' lang='lat' dir='ltr'><strong>in</strong></span> <span class='ocrx_word' id='word_1_64' title='bbox 2228 1775 2470 1861; x_wconf 81' lang='lat' dir='ltr'><strong>speculo</strong></span> 
     </span>
     <span class='ocr_line' id='line_1_11' title="bbox 353 1868 2471 1960; baseline -0.004 -21"><span class='ocrx_word' id='word_1_65' title='bbox 353 1877 458 1939; x_wconf 74' lang='lat' dir='ltr'><strong>tit.</strong></span> <span class='ocrx_word' id='word_1_66' title='bbox 492 1873 563 1938; x_wconf 88' lang='lat' dir='ltr'><strong>de</strong></span> <span class='ocrx_word' id='word_1_67' title='bbox 597 1876 799 1960; x_wconf 81' lang='lat' dir='ltr'><strong>primo</strong></span> <span class='ocrx_word' id='word_1_68' title='bbox 838 1872 1186 1960; x_wconf 71' lang='lat' dir='ltr'><strong>&amp;seeundo</strong></span> <span class='ocrx_word' id='word_1_69' title='bbox 1217 1873 1475 1940; x_wconf 76' lang='lat' dir='ltr'><strong>Decreta</strong></span> <span class='ocrx_word' id='word_1_70' title='bbox 1521 1870 1792 1939; x_wconf 87' lang='lat' dir='ltr'><strong>recenset</strong></span> <span class='ocrx_word' id='word_1_71' title='bbox 1813 1919 1830 1946; x_wconf 86' lang='lat'>,</span> <span class='ocrx_word' id='word_1_72' title='bbox 1863 1868 2124 1934; x_wconf 77' lang='lat' dir='ltr'><strong>sumatur</strong></span> <span class='ocrx_word' id='word_1_73' title='bbox 2145 1916 2160 1943; x_wconf 85' lang='lat'><strong>,</strong></span> <span class='ocrx_word' id='word_1_74' title='bbox 2199 1868 2348 1931; x_wconf 92' lang='lat' dir='ltr'><strong>illud</strong></span> <span class='ocrx_word' id='word_1_75' title='bbox 2384 1883 2471 1930; x_wconf 91' lang='lat' dir='ltr'><strong>ta-</strong></span> 
     </span>
     <span class='ocr_line' id='line_1_12' title="bbox 353 1958 2470 2057; baseline -0.004 -27"><span class='ocrx_word' id='word_1_76' title='bbox 353 1988 498 2031; x_wconf 89' lang='lat' dir='ltr'><strong>men</strong></span> <span class='ocrx_word' id='word_1_77' title='bbox 547 1965 744 2037; x_wconf 62' lang='lat' dir='ltr'><strong>stricte</strong></span> <span class='ocrx_word' id='word_1_78' title='bbox 794 1963 1100 2057; x_wconf 78' lang='lat' dir='ltr'><strong>sumptum</strong></span> <span class='ocrx_word' id='word_1_79' title='bbox 1144 1966 1556 2034; x_wconf 89' lang='lat' dir='ltr'><strong>communiter</strong></span> <span class='ocrx_word' id='word_1_80' title='bbox 1593 1967 1818 2034; x_wconf 87' lang='lat' dir='ltr'><strong>dicitur</strong></span> <span class='ocrx_word' id='word_1_81' title='bbox 1855 1960 1973 2027; x_wconf 80' lang='lat' dir='ltr'><strong>effe</strong></span> <span class='ocrx_word' id='word_1_82' title='bbox 2010 1958 2342 2027; x_wconf 88' lang='lat' dir='ltr'><strong>deliberata</strong></span> <span class='ocrx_word' id='word_1_83' title='bbox 2370 1960 2470 2039; x_wconf 89' lang='lat' dir='ltr'><strong>Ju-</strong></span> 
     </span>
     <span class='ocr_line' id='line_1_13' title="bbox 351 2051 2469 2149; baseline -0.004 -29"><span class='ocrx_word' id='word_1_84' title='bbox 351 2058 507 2120; x_wconf 87' lang='lat' dir='ltr'><strong>dicis</strong></span> <span class='ocrx_word' id='word_1_85' title='bbox 542 2056 853 2145; x_wconf 87' lang='lat' dir='ltr'><strong>provifio,</strong></span> <span class='ocrx_word' id='word_1_86' title='bbox 903 2081 1022 2148; x_wconf 90' lang='lat' dir='ltr'><strong>qua</strong></span> <span class='ocrx_word' id='word_1_87' title='bbox 1062 2060 1221 2123; x_wconf 92' lang='lat' dir='ltr'><strong>circa</strong></span> <span class='ocrx_word' id='word_1_88' title='bbox 1260 2057 1480 2123; x_wconf 90' lang='lat' dir='ltr'><strong>statum</strong></span> <span class='ocrx_word' id='word_1_89' title='bbox 1516 2059 1788 2149; x_wconf 87' lang='lat' dir='ltr'><strong>negotii,</strong></span> <span class='ocrx_word' id='word_1_90' title='bbox 1835 2055 2030 2120; x_wconf 85' lang='lat' dir='ltr'><strong>citatis</strong></span> <span class='ocrx_word' id='word_1_91' title='bbox 2073 2051 2341 2143; x_wconf 89' lang='lat' dir='ltr'><strong>partibus</strong></span> <span class='ocrx_word' id='word_1_92' title='bbox 2378 2052 2469 2114; x_wconf 88' lang='lat' dir='ltr'><strong>in·-</strong></span> 
     </span>
     <span class='ocr_line' id='line_1_14' title="bbox 314 2144 2469 2238; baseline -0.005 -21"><span class='ocrx_word' id='word_1_93' title='bbox 314 2145 561 2226; x_wconf 12' lang='lat' dir='ltr'><strong>*tereste</strong></span> <span class='ocrx_word' id='word_1_94' title='bbox 608 2147 978 2216; x_wconf 82' lang='lat' dir='ltr'><strong>habentibus</strong></span> <span class='ocrx_word' id='word_1_95' title='bbox 1012 2198 1029 2225; x_wconf 87' lang='lat'>‚</span> <span class='ocrx_word' id='word_1_96' title='bbox 1089 2151 1339 2238; x_wconf 71' lang='lat' dir='ltr'><strong>cognita</strong></span> <span class='ocrx_word' id='word_1_97' title='bbox 1387 2154 1561 2216; x_wconf 72' lang='lat' dir='ltr'><strong>causa</strong></span> <span class='ocrx_word' id='word_1_98' title='bbox 1591 2201 1607 2228; x_wconf 90' lang='lat'><strong>,</strong></span> <span class='ocrx_word' id='word_1_99' title='bbox 1664 2153 1724 2216; x_wconf 67' lang='grc' dir='ltr'>ἃ</span> <span class='ocrx_word' id='word_1_100' title='bbox 1759 2149 2097 2237; x_wconf 85' lang='lat' dir='ltr'><strong>compilato</strong></span> <span class='ocrx_word' id='word_1_101' title='bbox 2144 2144 2469 2237; x_wconf 83' lang='lat' dir='ltr'><strong>aliquoties</strong></span> 
     </span>
     <span class='ocr_line' id='line_1_15' title="bbox 352 2237 2467 2333; baseline -0.003 -28"><span class='ocrx_word' id='word_1_102' title='bbox 352 2239 632 2331; x_wconf 88' lang='lat' dir='ltr'><strong>proceflu</strong></span> <span class='ocrx_word' id='word_1_103' title='bbox 655 2242 765 2308; x_wconf 60' lang='lat' dir='ltr'><strong>&amp;a</strong></span> <span class='ocrx_word' id='word_1_104' title='bbox 783 2293 799 2319; x_wconf 88' lang='lat'>‚</span> <span class='ocrx_word' id='word_1_105' title='bbox 823 2244 1248 2313; x_wconf 61' lang='lat' dir='ltr'><strong>auctoritatem</strong></span> <span class='ocrx_word' id='word_1_106' title='bbox 1272 2242 1438 2314; x_wconf 86' lang='lat' dir='ltr'><strong>suam</strong></span> <span class='ocrx_word' id='word_1_107' title='bbox 1459 2243 1819 2333; x_wconf 89' lang='lat' dir='ltr'><strong>interponit,</strong></span> <span class='ocrx_word' id='word_1_108' title='bbox 1839 2241 2133 2325; x_wconf 85' lang='lat' dir='ltr'><strong>jubend0‚</strong></span> <span class='ocrx_word' id='word_1_109' title='bbox 2156 2237 2427 2303; x_wconf 89' lang='lat' dir='ltr'><strong>vetando</strong></span> <span class='ocrx_word' id='word_1_110' title='bbox 2448 2283 2467 2310; x_wconf 91' lang='lat'>‚</span> 
     </span>
     <span class='ocr_line' id='line_1_16' title="bbox 355 2332 2469 2425; baseline -0.002 -27"><span class='ocrx_word' id='word_1_111' title='bbox 355 2335 776 2423; x_wconf 84' lang='lat' dir='ltr'><strong>permittendo</strong></span> <span class='ocrx_word' id='word_1_112' title='bbox 815 2337 923 2403; x_wconf 70' lang='lat' dir='ltr'><strong>&amp;c</strong></span> <span class='ocrx_word' id='word_1_113' title='bbox 953 2336 1534 2402; x_wconf 8' lang='lat' dir='ltr'><strong>&#39;Unde-Decretum</strong></span> <span class='ocrx_word' id='word_1_114' title='bbox 1582 2336 1668 2401; x_wconf 89' lang='lat' dir='ltr'><strong>est</strong></span> <span class='ocrx_word' id='word_1_115' title='bbox 1709 2333 1875 2425; x_wconf 87' lang='lat' dir='ltr'><strong>quafi</strong></span> <span class='ocrx_word' id='word_1_116' title='bbox 1929 2332 2187 2402; x_wconf 75' lang='lat' dir='ltr'><strong>Verbum</strong></span> <span class='ocrx_word' id='word_1_117' title='bbox 2230 2346 2469 2399; x_wconf 83' lang='lat' dir='ltr'><strong>certum</strong></span> 
     </span>
     <span class='ocr_line' id='line_1_17' title="bbox 354 2425 2468 2518; baseline -0.004 -25"><span class='ocrx_word' id='word_1_118' title='bbox 354 2451 496 2494; x_wconf 87' lang='lat' dir='ltr'><strong>curn</strong></span> <span class='ocrx_word' id='word_1_119' title='bbox 549 2425 991 2497; x_wconf 84' lang='lat' dir='ltr'><strong>deliberatione</strong></span> <span class='ocrx_word' id='word_1_120' title='bbox 1041 2429 1350 2517; x_wconf 87' lang='lat' dir='ltr'><strong>prolatum</strong></span> <span class='ocrx_word' id='word_1_121' title='bbox 1385 2479 1405 2505; x_wconf 83' lang='grc'><em>,</em></span> <span class='ocrx_word' id='word_1_122' title='bbox 1460 2444 1644 2518; x_wconf 90' lang='lat' dir='ltr'><strong>prout</strong></span> <span class='ocrx_word' id='word_1_123' title='bbox 1683 2428 1843 2491; x_wconf 88' lang='lat' dir='ltr'><strong>illius</strong></span> <span class='ocrx_word' id='word_1_124' title='bbox 1883 2425 2330 2513; x_wconf 83' lang='lat' dir='ltr'><strong>etymologiam</strong></span> <span class='ocrx_word' id='word_1_125' title='bbox 2366 2443 2468 2484; x_wconf 84' lang='lat' dir='ltr'><strong>ex-</strong></span> 
     </span>
     <span class='ocr_line' id='line_1_18' title="bbox 353 2512 2476 2613; baseline -0.002 -30"><span class='ocrx_word' id='word_1_126' title='bbox 353 2521 540 2611; x_wconf 89' lang='lat' dir='ltr'><strong>plicat</strong></span> <span class='ocrx_word' id='word_1_127' title='bbox 578 2520 818 2600; x_wconf 66' lang='lat' dir='ltr'><strong>Bartal.</strong></span> <span class='ocrx_word' id='word_1_128' title='bbox 860 2523 929 2592; x_wconf 79' lang='lat' dir='ltr'><strong>in</strong></span> <span class='ocrx_word' id='word_1_129' title='bbox 965 2520 1042 2588; x_wconf 86' lang='lat' dir='ltr'><strong>L.</strong></span> <span class='ocrx_word' id='word_1_130' title='bbox 1072 2541 1181 2594; x_wconf 78' lang='lat' dir='ltr'><strong>nec</strong></span> <span class='ocrx_word' id='word_1_131' title='bbox 1214 2525 1545 2613; x_wconf 74' lang='lat' dir='ltr'><strong>quicquam</strong></span> <span class='ocrx_word' id='word_1_132' title='bbox 1577 2543 1740 2609; x_wconf 63' lang='lat' dir='ltr'><strong>num.</strong></span> <span class='ocrx_word' id='word_1_133' title='bbox 1756 2529 1811 2589; x_wconf 91' lang='lat'><strong>6.</strong></span> <span class='ocrx_word' id='word_1_134' title='bbox 1838 2515 1920 2608; x_wconf 79' lang='lat' dir='ltr'><em>ff</em></span> <span class='ocrx_word' id='word_1_135' title='bbox 1940 2517 2010 2586; x_wconf 81' lang='lat' dir='ltr'><strong>de</strong></span> <span class='ocrx_word' id='word_1_136' title='bbox 2039 2512 2177 2604; x_wconf 83' lang='lat' dir='ltr'><em>offic.</em></span> <span class='ocrx_word' id='word_1_137' title='bbox 2199 2513 2476 2598; x_wconf 61' lang='lat' dir='ltr'><strong>Proconsss</strong></span> 
     </span>
     <span class='ocr_line' id='line_1_19' title="bbox 357 2609 2470 2700; baseline -0 -21"><span class='ocrx_word' id='word_1_138' title='bbox 357 2610 437 2684; x_wconf 66' lang='lat'><strong>&amp;3²</strong></span> <span class='ocrx_word' id='word_1_139' title='bbox 478 2613 699 2700; x_wconf 82' lang='lat' dir='ltr'><strong>Legat.</strong></span> <span class='ocrx_word' id='word_1_140' title='bbox 786 2662 791 2667; x_wconf 83' lang='grc'>-</span> <span class='ocrx_word' id='word_1_141' title='bbox 982 2656 985 2659; x_wconf 90' lang='grc'><strong>-</strong></span> <span class='ocrx_word' id='word_1_142' title='bbox 1094 2683 1097 2686; x_wconf 64' lang='grc'><strong>,</strong></span> <span class='ocrx_word' id='word_1_143' title='bbox 1641 2609 1644 2610; x_wconf 55' lang='grc'>’</span> <span class='ocrx_word' id='word_1_144' title='bbox 2466 2678 2470 2685; x_wconf 79' lang='grc'><strong>,</strong></span> 
     </span>
    </p>

    <p class='ocr_par' dir='ltr' id='par_1_5' title="bbox 350 2702 2475 3627">
     <span class='ocr_line' id='line_1_20' title="bbox 466 2702 2474 2797; baseline -0.003 -24"><span class='ocrx_word' id='word_1_145' title='bbox 466 2710 469 2714; x_wconf 74' lang='grc'><em>’</em></span> <span class='ocrx_word' id='word_1_146' title='bbox 536 2707 628 2773; x_wconf 84' lang='lat' dir='ltr'><strong>Ex</strong></span> <span class='ocrx_word' id='word_1_147' title='bbox 663 2731 789 2797; x_wconf 92' lang='lat' dir='ltr'><strong>quo</strong></span> <span class='ocrx_word' id='word_1_148' title='bbox 831 2712 1164 2775; x_wconf 88' lang='lat' dir='ltr'><strong>Decretum</strong></span> <span class='ocrx_word' id='word_1_149' title='bbox 1199 2706 1408 2777; x_wconf 76' lang='lat' dir='ltr'><strong>differt</strong></span> <span class='ocrx_word' id='word_1_150' title='bbox 1440 2726 1572 2776; x_wconf 91' lang='lat' dir='ltr'><strong>tum</strong></span> <span class='ocrx_word' id='word_1_151' title='bbox 1609 2711 1644 2773; x_wconf 77' lang='lat' dir='ltr'><strong>a</strong></span> <span class='ocrx_word' id='word_1_152' title='bbox 1683 2704 2014 2796; x_wconf 84' lang='lat' dir='ltr'><strong>Rescriptis</strong></span> <span class='ocrx_word' id='word_1_153' title='bbox 2044 2706 2069 2781; x_wconf 39' lang='grc' dir='ltr'><strong>,ᾗ</strong></span> <span class='ocrx_word' id='word_1_154' title='bbox 2113 2727 2254 2769; x_wconf 90' lang='lat' dir='ltr'><strong>cum</strong></span> <span class='ocrx_word' id='word_1_155' title='bbox 2292 2702 2421 2766; x_wconf 83' lang='lat' dir='ltr'><strong>haec</strong></span> <span class='ocrx_word' id='word_1_156' title='bbox 2452 2747 2474 2775; x_wconf 81' lang='lat'>‚</span> 
     </span>
     <span class='ocr_line' id='line_1_21' title="bbox 356 2796 2467 2891; baseline -0.002 -29"><span class='ocrx_word' id='word_1_157' title='bbox 356 2796 686 2890; x_wconf 75' lang='lat' dir='ltr'><strong>praesertim</strong></span> <span class='ocrx_word' id='word_1_158' title='bbox 713 2800 1026 2891; x_wconf 83' lang='lat' dir='ltr'><strong>Rescripta</strong></span> <span class='ocrx_word' id='word_1_159' title='bbox 1041 2804 1246 2890; x_wconf 79' lang='lat' dir='ltr'><strong>gratiae</strong></span> <span class='ocrx_word' id='word_1_160' title='bbox 1263 2851 1281 2878; x_wconf 84' lang='lat'>‚</span> <span class='ocrx_word' id='word_1_161' title='bbox 1299 2800 1480 2867; x_wconf 83' lang='lat' dir='ltr'><strong>causae</strong></span> <span class='ocrx_word' id='word_1_162' title='bbox 1504 2803 1930 2891; x_wconf 87' lang='lat' dir='ltr'><strong>cognitionem</strong></span> <span class='ocrx_word' id='word_1_163' title='bbox 1960 2820 2091 2863; x_wconf 94' lang='lat' dir='ltr'><strong>non</strong></span> <span class='ocrx_word' id='word_1_164' title='bbox 2121 2798 2467 2885; x_wconf 86' lang='lat' dir='ltr'><strong>requirant,</strong></span> 
     </span>
     <span class='ocr_line' id='line_1_22' title="bbox 356 2890 2472 2990; baseline 0.007 -36"><span class='ocrx_word' id='word_1_165' title='bbox 356 2890 895 2984; x_wconf 56' lang='lat' dir='ltr'><strong>latiusquefpateat</strong></span> <span class='ocrx_word' id='word_1_166' title='bbox 933 2897 1306 2972; x_wconf 80' lang='lat' dir='ltr'><strong>Decretum„</strong></span> <span class='ocrx_word' id='word_1_167' title='bbox 1354 2897 1538 2990; x_wconf 71' lang='lat' dir='ltr'><strong>quam</strong></span> <span class='ocrx_word' id='word_1_168' title='bbox 1576 2893 1961 2984; x_wconf 71' lang='lat' dir='ltr'><strong>Rescriptum</strong></span> <span class='ocrx_word' id='word_1_169' title='bbox 1989 2939 2009 2966; x_wconf 66' lang='lat'>9</span> <span class='ocrx_word' id='word_1_170' title='bbox 2053 2913 2196 2957; x_wconf 74' lang='lat' dir='ltr'><strong>cum</strong></span> <span class='ocrx_word' id='word_1_171' title='bbox 2239 2909 2472 2968; x_wconf 58' lang='lat' dir='ltr'><strong>Omne&lt;</strong></span> 
     </span>
     <span class='ocr_line' id='line_1_23' title="bbox 350 2978 2473 3079; baseline -0.004 -28"><span class='ocrx_word' id='word_1_172' title='bbox 350 2986 687 3054; x_wconf 90' lang='lat' dir='ltr'><strong>Decretum</strong></span> <span class='ocrx_word' id='word_1_173' title='bbox 731 2985 801 3051; x_wconf 84' lang='lat' dir='ltr'><strong>fit</strong></span> <span class='ocrx_word' id='word_1_174' title='bbox 840 2985 1228 3079; x_wconf 86' lang='lat' dir='ltr'><strong>Rescriptum</strong></span> <span class='ocrx_word' id='word_1_175' title='bbox 1261 3035 1280 3062; x_wconf 90' lang='lat'>,</span> <span class='ocrx_word' id='word_1_176' title='bbox 1327 2989 1458 3051; x_wconf 91' lang='lat' dir='ltr'><strong>non</strong></span> <span class='ocrx_word' id='word_1_177' title='bbox 1496 2991 1648 3051; x_wconf 84' lang='lat' dir='ltr'><strong>vero</strong></span> <span class='ocrx_word' id='word_1_178' title='bbox 1685 3007 1875 3050; x_wconf 88' lang='lat' dir='ltr'><strong>omne</strong></span> <span class='ocrx_word' id='word_1_179' title='bbox 1908 2982 2299 3072; x_wconf 78' lang='lat' dir='ltr'><strong>Rescriptum</strong></span> <span class='ocrx_word' id='word_1_180' title='bbox 2344 2978 2473 3043; x_wconf 89' lang='lat' dir='ltr'><strong>dici</strong></span> 
     </span>
     <span class='ocr_line' id='line_1_24' title="bbox 357 3072 2473 3168; baseline -0.002 -28"><span class='ocrx_word' id='word_1_181' title='bbox 357 3075 539 3168; x_wconf 88' lang='lat' dir='ltr'><strong>poffit</strong></span> <span class='ocrx_word' id='word_1_182' title='bbox 590 3080 656 3142; x_wconf 92' lang='lat' dir='ltr'><strong>in</strong></span> <span class='ocrx_word' id='word_1_183' title='bbox 694 3081 912 3166; x_wconf 86' lang='lat' dir='ltr'><strong>vigore</strong></span> <span class='ocrx_word' id='word_1_184' title='bbox 951 3083 1288 3144; x_wconf 87' lang='lat' dir='ltr'><strong>Decretum</strong></span> <span class='ocrx_word' id='word_1_185' title='bbox 1320 3105 1338 3153; x_wconf 86' lang='lat'>3</span> <span class='ocrx_word' id='word_1_186' title='bbox 1384 3094 1515 3144; x_wconf 87' lang='lat' dir='ltr'><strong>turn</strong></span> <span class='ocrx_word' id='word_1_187' title='bbox 1563 3080 1598 3144; x_wconf 75' lang='lat' dir='ltr'><strong>a</strong></span> <span class='ocrx_word' id='word_1_188' title='bbox 1641 3076 1938 3142; x_wconf 78' lang='lat' dir='ltr'><strong>sententia</strong></span> <span class='ocrx_word' id='word_1_189' title='bbox 1972 3072 2473 3145; x_wconf 89' lang='lat' dir='ltr'><strong>interlocutoria,</strong></span> 
     </span>
     <span class='ocr_line' id='line_1_25' title="bbox 357 3168 2471 3260; baseline -0.002 -28"><span class='ocrx_word' id='word_1_190' title='bbox 357 3191 495 3233; x_wconf 90' lang='lat' dir='ltr'><strong>cum</strong></span> <span class='ocrx_word' id='word_1_191' title='bbox 534 3194 645 3259; x_wconf 90' lang='lat' dir='ltr'><strong>per</strong></span> <span class='ocrx_word' id='word_1_192' title='bbox 690 3171 853 3235; x_wconf 89' lang='lat' dir='ltr'><strong>hanc</strong></span> <span class='ocrx_word' id='word_1_193' title='bbox 892 3169 1032 3235; x_wconf 87' lang='lat' dir='ltr'><strong>finis</strong></span> <span class='ocrx_word' id='word_1_194' title='bbox 1074 3169 1500 3236; x_wconf 85' lang='lat' dir='ltr'><strong>controverfiae</strong></span> <span class='ocrx_word' id='word_1_195' title='bbox 1535 3169 1867 3260; x_wconf 91' lang='lat' dir='ltr'><strong>principali</strong></span> <span class='ocrx_word' id='word_1_196' title='bbox 1901 3191 2035 3232; x_wconf 90' lang='lat' dir='ltr'><strong>non</strong></span> <span class='ocrx_word' id='word_1_197' title='bbox 2074 3168 2471 3256; x_wconf 89' lang='lat' dir='ltr'><strong>imponatur,</strong></span> 
     </span>
     <span class='ocr_line' id='line_1_26' title="bbox 359 3259 2474 3353; baseline -0.002 -29"><span class='ocrx_word' id='word_1_198' title='bbox 359 3277 543 3348; x_wconf 91' lang='lat' dir='ltr'><strong>prout</strong></span> <span class='ocrx_word' id='word_1_199' title='bbox 573 3262 642 3326; x_wconf 88' lang='lat' dir='ltr'><strong>fit</strong></span> <span class='ocrx_word' id='word_1_200' title='bbox 674 3264 741 3326; x_wconf 90' lang='lat' dir='ltr'><strong>in</strong></span> <span class='ocrx_word' id='word_1_201' title='bbox 758 3265 1072 3351; x_wconf 85' lang='lat' dir='ltr'><strong>DecretiS,</strong></span> <span class='ocrx_word' id='word_1_202' title='bbox 1109 3264 1524 3353; x_wconf 87' lang='lat' dir='ltr'><strong>appellatione</strong></span> <span class='ocrx_word' id='word_1_203' title='bbox 1553 3286 1686 3327; x_wconf 92' lang='lat' dir='ltr'><strong>non</strong></span> <span class='ocrx_word' id='word_1_204' title='bbox 1714 3259 2067 3345; x_wconf 68' lang='lat' dir='ltr'><strong>interjeffli3</strong></span> <span class='ocrx_word' id='word_1_205' title='bbox 2102 3275 2235 3322; x_wconf 89' lang='lat' dir='ltr'><strong>tum</strong></span> <span class='ocrx_word' id='word_1_206' title='bbox 2270 3261 2304 3324; x_wconf 77' lang='lat' dir='ltr'><strong>a</strong></span> <span class='ocrx_word' id='word_1_207' title='bbox 2326 3259 2474 3320; x_wconf 91' lang='lat' dir='ltr'><strong>Sen-</strong></span> 
     </span>
     <span class='ocr_line' id='line_1_27' title="bbox 359 3352 2472 3434; baseline 0 -17"><span class='ocrx_word' id='word_1_208' title='bbox 359 3353 552 3417; x_wconf 89' lang='lat' dir='ltr'><strong>tentia</strong></span> <span class='ocrx_word' id='word_1_209' title='bbox 589 3353 939 3432; x_wconf 85' lang='lat' dir='ltr'><strong>definitiva,</strong></span> <span class='ocrx_word' id='word_1_210' title='bbox 987 3356 1117 3422; x_wconf 86' lang='lat' dir='ltr'><strong>haec</strong></span> <span class='ocrx_word' id='word_1_211' title='bbox 1154 3358 1324 3422; x_wconf 89' lang='lat' dir='ltr'><strong>enim</strong></span> <span class='ocrx_word' id='word_1_212' title='bbox 1364 3379 1481 3421; x_wconf 90' lang='lat' dir='ltr'><strong>nec</strong></span> <span class='ocrx_word' id='word_1_213' title='bbox 1515 3354 1641 3421; x_wconf 87' lang='lat' dir='ltr'><strong>fine</strong></span> <span class='ocrx_word' id='word_1_214' title='bbox 1677 3355 1797 3419; x_wconf 89' lang='lat' dir='ltr'><strong>litis</strong></span> <span class='ocrx_word' id='word_1_215' title='bbox 1832 3352 2274 3434; x_wconf 88' lang='lat' dir='ltr'><strong>contestatione</strong></span> <span class='ocrx_word' id='word_1_216' title='bbox 2303 3397 2320 3424; x_wconf 90' lang='lat'>‚</span> <span class='ocrx_word' id='word_1_217' title='bbox 2355 3370 2472 3411; x_wconf 84' lang='lat' dir='ltr'><strong>nec</strong></span> 
     </span>
     <span class='ocr_line' id='line_1_28' title="bbox 362 3441 2475 3539; baseline -0.003 -31"><span class='ocrx_word' id='word_1_218' title='bbox 362 3447 430 3508; x_wconf 91' lang='lat' dir='ltr'><strong>in</strong></span> <span class='ocrx_word' id='word_1_219' title='bbox 474 3443 783 3513; x_wconf 87' lang='lat' dir='ltr'><strong>absentem</strong></span> <span class='ocrx_word' id='word_1_220' title='bbox 829 3447 971 3514; x_wconf 90' lang='lat' dir='ltr'><strong>ferri</strong></span> <span class='ocrx_word' id='word_1_221' title='bbox 1005 3451 1208 3538; x_wconf 86' lang='lat' dir='ltr'><strong>potest</strong></span> <span class='ocrx_word' id='word_1_222' title='bbox 1234 3498 1252 3524; x_wconf 87' lang='lat'><strong>,</strong></span> <span class='ocrx_word' id='word_1_223' title='bbox 1301 3450 1475 3539; x_wconf 90' lang='lat' dir='ltr'><strong>quod</strong></span> <span class='ocrx_word' id='word_1_224' title='bbox 1513 3464 1764 3513; x_wconf 91' lang='lat' dir='ltr'><strong>econtra</strong></span> <span class='ocrx_word' id='word_1_225' title='bbox 1804 3450 2066 3511; x_wconf 88' lang='lat' dir='ltr'><strong>Decreta</strong></span> <span class='ocrx_word' id='word_1_226' title='bbox 2100 3465 2234 3507; x_wconf 91' lang='lat' dir='ltr'><strong>non</strong></span> <span class='ocrx_word' id='word_1_227' title='bbox 2272 3441 2475 3529; x_wconf 88' lang='lat' dir='ltr'><strong>requi-</strong></span> 
     </span>
     <span class='ocr_line' id='line_1_29' title="bbox 362 3531 2470 3627; baseline -0.008 -15"><span class='ocrx_word' id='word_1_228' title='bbox 362 3550 501 3602; x_wconf 90' lang='lat' dir='ltr'><strong>runt</strong></span> <span class='ocrx_word' id='word_1_229' title='bbox 530 3586 545 3611; x_wconf 82' lang='grc'>,</span> <span class='ocrx_word' id='word_1_230' title='bbox 595 3561 709 3626; x_wconf 90' lang='lat' dir='ltr'><strong>pro</strong></span> <span class='ocrx_word' id='word_1_231' title='bbox 747 3562 875 3627; x_wconf 90' lang='lat' dir='ltr'><strong>quo</strong></span> <span class='ocrx_word' id='word_1_232' title='bbox 915 3542 1160 3609; x_wconf 86' lang='lat' dir='ltr'><strong>Calvin.</strong></span> <span class='ocrx_word' id='word_1_233' title='bbox 1220 3543 1422 3609; x_wconf 82' lang='lat' dir='ltr'><strong>Lexic.</strong></span> <span class='ocrx_word' id='word_1_234' title='bbox 1452 3541 1718 3626; x_wconf 16' lang='lat' dir='ltr'><strong>juri-dic.</strong></span> <span class='ocrx_word' id='word_1_235' title='bbox 1765 3540 1949 3606; x_wconf 80' lang='lat' dir='ltr'><strong>verbo</strong></span> <span class='ocrx_word' id='word_1_236' title='bbox 1989 3535 2316 3603; x_wconf 79' lang='lat' dir='ltr'><strong>Decretum</strong></span> <span class='ocrx_word' id='word_1_237' title='bbox 2352 3531 2470 3619; x_wconf 83' lang='lat' dir='ltr'><strong>fol.</strong></span> 
     </span>
    </p>
   </div>
   <div class='ocr_carea' id='block_1_5' title="bbox 366 3629 2474 3783">
    <p class='ocr_par' dir='ltr' id='par_1_6' title="bbox 366 3629 2474 3783">
     <span class='ocr_line' id='line_1_30' title="bbox 366 3629 2474 3783; baseline -0.004 -87"><span class='ocrx_word' id='word_1_238' title='bbox 366 3629 520 3694; x_wconf 81' lang='lat' dir='ltr'><strong>mihi</strong></span> <span class='ocrx_word' id='word_1_239' title='bbox 562 3653 642 3715; x_wconf 80' lang='lat'><strong>43</strong></span> <span class='ocrx_word' id='word_1_240' title='bbox 658 3653 712 3714; x_wconf 83' lang='lat'><strong>3.</strong></span> <span class='ocrx_word' id='word_1_241' title='bbox 752 3634 927 3698; x_wconf 78' lang='lat' dir='ltr'><strong>citat.</strong></span> <span class='ocrx_word' id='word_1_242' title='bbox 970 3636 1005 3699; x_wconf 89' lang='lat' dir='ltr'><strong>l.</strong></span> <span class='ocrx_word' id='word_1_243' title='bbox 1043 3635 1322 3725; x_wconf 77' lang='lat' dir='ltr'><strong>recusare</strong></span> <span class='ocrx_word' id='word_1_244' title='bbox 1361 3636 1431 3702; x_wconf 80' lang='lat' dir='ltr'><strong>in</strong></span> <span class='ocrx_word' id='word_1_245' title='bbox 1451 3652 1548 3725; x_wconf 80' lang='lat' dir='ltr'><strong>pr.</strong></span> <span class='ocrx_word' id='word_1_246' title='bbox 1563 3631 1644 3726; x_wconf 80' lang='lat' dir='ltr'><em>ff</em></span> <span class='ocrx_word' id='word_1_247' title='bbox 1680 3633 1771 3700; x_wconf 84' lang='lat' dir='ltr'><strong>ad</strong></span> <span class='ocrx_word' id='word_1_248' title='bbox 1803 3629 1970 3699; x_wconf 85' lang='lat' dir='ltr'><strong>Treb.</strong></span> <span class='ocrx_word' id='word_1_249' title='bbox 2009 3629 2182 3721; x_wconf 90' lang='lat' dir='ltr'><strong>quod</strong></span> <span class='ocrx_word' id='word_1_250' title='bbox 2218 3639 2474 3783; x_wconf 54' lang='lat' dir='ltr'><strong>autgm,</strong></span> 
     </span>
     <span class='ocr_line' id='line_1_31' title="bbox 2351 3740 2384 3782; baseline 0 0"><span class='ocrx_word' id='word_1_251' title='bbox 2351 3740 2384 3782; x_wconf 91' lang='lat' dir='ltr'><strong>e</strong></span> 
     </span>
    </p>
   </div>
  </div>
 </body>
</html>
