2664 4114
1069 231 1530 348 Barenfis.

2090 269 2150 325 11
2165 271 2274 355 09

231 356 493 403 'Decretum
525 349 572 396 S.
603 345 988 416 Congregatlonis
1026 349 1260 400 Rituurn„
1320 364 1430 391 rium
1450 349 1759 405 quomodolibet
1780 352 2262 409 conceffis,confirmatis‚
2293 362 2332 402 δε

223 424 228 429 ”
308 433 398 486 quo
412 420 588 465 Fratres
606 416 825 467 Medunei
848 413 927 464 sub
943 420 1124 483 propria
1139 423 1255 468 Cru-

306 507 357 538 ce
395 489 439 534 in
477 487 830 554 processionibus
859 487 1066 535 incedere
1103 487 1253 554 posse,

306 572 462 607 contra
481 559 607 607 Cleri
639 555 964 624 oppositionem
989 554 1076 607 fuit
1102 557 1251 608 decla-

221 655 224 660 ·
303 643 453 678 ratum
480 662 496 684 ,
528 626 796 695 Apostolicae
828 623 1057 678 firmitatis
1088 627 1251 679 robore

222 718 224 721 ’
300 696 557 748 confirmat.

220 788 287 893 JU
325 820 370 868 R
411 820 449 866 B
484 819 530 865 A
567 815 615 862 N
653 815 703 870 U
741 817 772 864 s
844 817 1055 866 PAPA
1097 820 1248 868 vm.

399 933 467 977 Ad
483 940 714 989 perpetuam
744 934 800 973 rei
828 931 1075 976 memoriam.

339 1049 476 1105 Xponi
502 1049 630 1092 Nobis
655 1059 782 1106 nuper
796 1050 978 1094 fecerunt
1006 1052 1142 1093 dilecti
1158 1051 1247 1094 Filii

359 1106 619 1151 Guardianus
636 1136 650 1159 ‚
673 1109 713 1148 δε
741 1108 896 1151 Fratres
913 1108 1063 1151 Domus
1081 1110 1244 1152 Ordinis

229 1170 439 1210 Minorum
455 1169 494 1209 S.
506 1164 702 1208 Francisci
717 1167 1017 1221 Capucinorum
1033 1181 1166 1210 nuncu
1175 1181 1240 1222 pa-

230 1235 360 1268 torum
377 1253 391 1275 ,
408 1225 542 1266 Terrae
558 1223 750 1277 Modogni
766 1251 780 1274 ‚
802 1225 940 1266 Baren.
959 1227 1090 1267 Dioec.
1102 1253 1116 1277 ,
1130 1228 1238 1281 quod

1319 409 1538 450 innovatis;
1571 410 1726 468 Qibus
1739 414 1915 455 omnibus
1943 414 1983 454 δι
2014 412 2171 468 lingulis
2186 429 2330 458 eorum

1301 477 1478 507 -tenores
1511 469 1763 522 praesentibus
1787 485 1861 526 pro
1886 469 2073 527 expreffis
2100 472 2326 524 habentes,

1315 523 1395 565 illis
1410 524 1507 568 alias
1523 526 1559 566 in
1577 525 1644 567 suo
1657 530 1805 570 robore
1823 527 2086 584 permansuris
2105 557 2118 580 ,
2145 531 2219 573 hac
2237 533 2327 574 vice

1310 581 1507 624 duntaxat
1529 581 1756 637 specialiter
1770 615 1784 637 ‚
1807 585 2044 643 &expresse
2058 587 2318 643 derogamus,
2350 593 2352 597 '

1308 641 1538 695 caeterisque
1553 643 1763 684 contrariis
1778 645 2105 700 quibuscumque.
2124 647 2322 688 Volumus

1308 696 1600 751 aute111,.quod
1621 695 1868 751 praesentium
1883 703 2141 759 transumptis
2156 732 2172 755 ‚
2198 705 2323 747 etiam

1303 753 1635 809 impressis-‚manu
1650 756 1980 812 alicujusNotarii
1996 762 2146 815 publici
2160 760 2322 806 subscri.

1310 813 1392 868 ptis
1407 836 1422 861 ,
1446 813 1485 852 δι
1510 812 1637 865 sigillo
1650 814 1829 857 Persona:
1852 818 1892 857 in
1907 817 2106 871 dignitate
2120 820 2323 864 Ecclesia·

1309 871 1402 912 stica
1426 870 1650 911 conllitutae
1676 874 1836 914 munitis
1851 903 1863 924 ‚
1879 874 2020 915 eadem
2036 880 2190 931 prorsus
2218 879 2321 926 fides

1290 927 1539 984 injudicio,
1561 930 1595 968 &
1623 939 1738 971 extra
1765 931 2032 982 adhibeatur,
2058 948 2141 988 quae
2169 937 2320 979 eisdem

1292 986 1560 1041 ¹praesentibus
1583 985 1874 1037 adhiberetur,
1905 989 1927 1030 fi
1945 988 2079 1031 forent
2101 995 2315 1044 exhibitae,

1309 1045 1374 1086 vel
1391 1044 1571 1086 ostensae.
1595 1048 1743 1087 Datum
1762 1049 1898 1089 Romae
1911 1047 2013 1101 apud
2031 1051 2209 1094 Sant‘iam
2225 1056 2316 1095 Ma-

1306 1110 1404 1145 riam
1423 1102 1621 1158 Majorem
1641 1103 1711 1145 sub
1725 1104 1888 1147 Annulo
1913 1105 2119 1147 Piscatoris
2145 1109 2211 1151 die
2225 1124 2318 1151 xxx.

1302 1159 1472 1216 Augusti
1503 1174 1536 1203 M
1552 1176 1581 1203 o
1596 1176 1617 1203 c
1628 1175 1653 1203 x
1667 1175 1690 1204 x
1703 1176 1730 1204 x
1750 1176 1784 1205 ι.
1801 1160 2062 1205 Pontificaws
2088 1167 2220 1209 Nostri
2238 1172 2317 1211 An-

1298 1233 1356 1264 no
1379 1232 1513 1262 nono.

219 1292 353 1337 nuper
374 1283 395 1322 i
412 1282 515 1323 Ven.
532 1281 735 1323 Fratribus
750 1282 902 1323 Nostris
930 1285 1077 1326 s.R.E.
1090 1284 1237 1327 Cardi-
1293 1310 1296 1311 ν

224 1340 380 1382 nulibus
404 1338 520 1381 sacris
535 1339 699 1381 Ritibus
715 1339 923 1394 praepolitis
936 1344 1138 1384 emanavit
1152 1346 1236 1385 De—

223 1409 392 1448 cretum,
409 1397 561 1439 tenoris
576 1393 849 1454 subsequentis
862 1420 876 1446 5
893 1401 1087 1443 videlicet
1105 1429 1115 1441 .
1143 1406 1236 1444 Fra—

223 1466 303 1500 tres
327 1456 524 1512 Capucini
550 1459 687 1498 Terrae
710 1456 904 1512 Modogni
929 1461 1071 1501 Baren.
1100 1462 1234 1502 Dioec.
1292 1479 1294 1481 >

225 1515 428 1570 conquesti
450 1513 541 1557 sunt
569 1514 621 1556 de
651 1515 780 1557 Clero
805 1517 992 1558 Saeculari
1021 1519 1126 1559 illius
1153 1519 1234 1560 loci

1821 1340 1878 1393 M.
1893 1339 1945 1381 A.
1960 1337 2172 1382 Maraldus
2190 1368 2202 1382 .

1358 1457 1418 1497 Ex
1436 1450 1582 1508 Regest.
1601 1453 1722 1495 Arcb.
1739 1456 1880 1497 Secret.
1905 1456 2091 1498 Brevium
2107 1456 2311 1514 Apostolic-

1411 1512 1540 1567 Mens?
1565 1509 1617 1559 ὢν
1632 1514 1744 1553 Anno
1757 1514 1939 1566 praedifft'.
1954 1512 2035 1571 fol.
2049 1528 2146 1571 449.

220 1575 460 1628 prohibente
483 1587 552 1615 eos
569 1574 606 1614 in
622 1573 790 1627 publicis
801 1575 1112 1618 Proceffionibus
1129 1577 1234 1619 ince-
1295 1584 1297 1588 ’

217 1629 319 1674 dere
333 1631 402 1674 sub
418 1632 575 1687 propria
592 1634 728 1673 cruce
740 1660 753 1682 ,
769 1630 1033 1687 supplicantes
1049 1635 1237 1689 provide-

220 1690 253 1732 ri
272 1718 283 1730 .
315 1692 368 1732 Et
383 1689 694 1733 Sacra-Rituum
709 1691 985 1745 Congregatio
1006 1693 1233 1746 respondit:

221 1748 449 1802 Regulares
469 1748 506 1790 in
525 1748 692 1803 publicis
709 1748 1023 1792 processionibus
1039 1763 1114 1791 non
1130 1749 1234 1805 polse

219 1807 453 1860 prohiberi,
481 1807 576 1862 quin
592 1806 780 1848 incedant
809 1807 876 1849 sub
895 1808 1054 1864 propria
1070 1812 1234 1859 Cruce,

218 1865 325 1906 &ita
353 1865 390 1905 in
406 1865 496 1905 casu
511 1863 714 1917 propo-sito-
731 1863 885 1915 ‚servari
900 1867 1100 1917 mandavit
1118 1895 1128 1906 .
1157 1868 1234 1908 Die

224 1934 241 1964 1
253 1935 286 1963 1·
299 1918 464 1975 Augusti
480 1931 656 1963 mocxxx
669 1934 701 1961 1.
724 1921 816 1963 Non
831 1921 1012 1963 obstante
1026 1924 1232 1965 contraria

218 1977 532 2021 consuetudine.

275 2040 379 2079 Cum
395 2039 643 2087 autem‚ficut
656 2037 798 2080 eadem
814 2038 1007 2094 expolitio
1020 2038 1230 2097 subjunge-

214 2096 309 2146 bat,
334 2094 588 2137 Guardianus
603 2125 617 2146 ,
639 2098 679 2137 &
701 2098 860 2138 Fratres
884 2097 1056 2152 praedieti
1071 2128 1084 2150 ,
1108 2099 1230 2154 pluri-

213 2154 324 2197 mum
340 2153 498 2208 cupiant
510 2179 524 2201 ,
540 2156 766 2197 Decretum
785 2155 1006 2211 hujusmodi
1019 2187 1036 2208 ,
1067 2161 1147 2213 quo
1160 2156 1228 2199 fir-

214 2212 315 2254 mius
342 2210 542 2261 subsistat,
567 2213 605 2253 &
638 2212 928 2256 inviolabiliter
960 2216 1226 2266 observetur,

216 2260 452 2323 Apostolicae
467 2268 618 2310 Nostrae
631 2268 943 2314 confirmationis
960 2274 1105 2316 robore
1118 2287 1228 2314 com-

215 2326 360 2368 muniri
375 2354 386 2365 .
415 2329 499 2368 Nos
517 2328 790 2368 Guardianum
812 2356 825 2378 ,
847 2332 886 2370 &
903 2333 1070 2371 Fratres
1091 2331 1227 2385 praedi-

217 2388 299 2427 t‘tos
318 2382 552 2439 specialibus
570 2383 772 2426 favoribus
789 2413 802 2436 ,
829 2389 868 2428 ἃ.
891 2388 1029 2442 gratiis
1045 2387 1228 2443 prosequi

219 2442 456 2493 volentes,&
468 2444 490 2485 a
504 2437 701 2496 quibusvis
714 2446 1140 2489 excommunicationis
1149 2448 1226 2486 διε.

217 2499 467 2543 &absolutos
493 2499 578 2543 sore
606 2501 843 2554 censentes,
873 2504 1226 2559 supplicationibus

208 2559 383 2601 *illorum
415 2558 575 2601 nomine
606 2560 734 2603 Nobis
759 2558 889 2616 vsuper
917 2564 992 2605 hoc
1021 2563 1227 2605 humiliter

207 2618 408 2672 ''porreetis
435 2617 612 2659 inclinati
639 2646 653 2669 ,
676 2619 944 2673 praeinsertum
973 2622 1227 2663 Decretum...

214 2673 684 2730 hujusmodi,Apost01ica
698 2678 1114 2727 Aueoritatenenore
1130 2692 1228 2734 prae-

216 2734 390 2776 sentium
417 2733 616 2788 perpetuo
640 2735 930 2790 approbamus,
959 2741 995 2778 &
1023 2736 1228 2780 confirma.

214 2803 307 2833 mus
323 2818 336 2838 ,
364 2789 504 2845 illique
519 2791 756 2835 inviolabilis
774 2795 1009 2847 Apostolicae
1023 2795 1226 2837 firmitatis

213 2850 335 2891 robur
370 2848 600 2903 adjicimus,
626 2861 670 2890 ac
695 2863 832 2892 omnes
848 2877 862 2900 ,
889 2855 928 2893 δι
951 2850 1119 2906 singulos
1144 2862 1226 2892 tarn

205 2907 313 2965 juris
331 2937 343 2959 ,
357 2907 472 2962 quam
490 2906 578 2947 faeti
597 2906 802 2958 defthus,
823 2909 846 2950 fi
863 2911 930 2964 qui
946 2908 1116 2965 desuper
1131 2922 1229 2963 quo-

205 2965 437 3008 'modolibet
457 2966 778 3017 intervenerint,
803 2966 1028 3022 supplemus
1047 2994 1059 3017 ,
1079 2970 1229 3010 Decre—

215 3034 382 3078 tumque
399 3022 652 3080 hujusmodi,
677 3037 722 3065 ac
740 3023 949 3079 praesentes
971 3025 1109 3067 literas
1129 3024 1231 3066 vali-

216 3080 266 3122 da
281 3109 294 3131 ,
318 3081 429 3123 firma
444 3110 458 3132 ,
481 3082 521 3122 &
550 3073 726 3124 efficacia
757 3083 954 3131 existere,
977 3085 1016 3124 δι
1043 3084 1158 3133 fore,
1187 3095 1232 3123 ac

220 3138 456 3181 Guardiano
481 3167 495 3190 ‚
519 3141 556 3181 Sc
582 3140 791 3183 Fratribus
827 3140 1021 3197 praediffis
1058 3139 1232 3196 plenissi—

223 3196 286 3238 me
299 3195 503 3251 suffragari
517 3227 531 3247 ,
548 3212 592 3239 ac
609 3199 657 3239 ab
669 3199 868 3250 omnibus,
882 3200 929 3242 ad
943 3215 1040 3255 quos
1056 3199 1203 3253 spestat
1217 3225 1231 3247 ,

220 3256 260 3294 &
283 3255 322 3297 in
348 3252 528 3296 futurum
557 3255 1074 3308 spectabit,inviolabiliter
1099 3255 1233 3298 obser-

220 3315 304 3354 vari
329 3313 481 3354 debere
498 3326 521 3363 ,'
537 3313 775 3368 irritumque
796 3344 810 3364 ,
831 3316 870 3356 ἃ
895 3316 1012 3358 inane
1027 3346 1041 3365 ,
1070 3314 1095 3355 fi
1119 3314 1231 3355 secus

222 3369 338 3427 super
361 3373 418 3413 his
449 3373 469 3411 a
487 3384 683 3425 quoquam
698 3398 712 3421 ‚
737 3373 873 3427 quavis
899 3374 1136 3415 auctoritate
1157 3370 1232 3412 sti·-

221 3440 338 3472 enter
362 3459 376 3480 ,
409 3430 472 3472 vel
503 3431 741 3484 ignoranter
771 3431 985 3483 contigerit
1016 3430 1229 3478 attentari,

220 3486 472 3532 decernimus
504 3518 514 3528 .
552 3490 644 3529 Non
681 3485 924 3530 obstantibus
965 3488 1230 3530 Constitutio-

222 3545 336 3588 nibus
349 3575 364 3597 ,
389 3548 428 3588 Β(
442 3546 773 3589 Ordinationibus
786 3546 1022 3600 Apostolicis
1035 3575 1048 3597 ,
1064 3547 1128 3587 vel
1146 3544 1232 3597 qui·

224 3602 351 3646 busvis
365 3634 380 3655 ‚
398 3608 519 3647 etiam
543 3612 771 3658 juramento
787 3632 800 3653 ,
819 3603 1126 3646 confirmatione
1144 3607 1231 3656 Apo

223 3660 358 3703 stolica
383 3689 396 3709 ,
439 3664 503 3706 vel
538 3664 677 3716 quavis
708 3661 898 3703 firmitate
926 3662 1001 3704 alia
1034 3660 1230 3702 roboratis

223 3717 376 3761 statutis
392 3749 405 3769 ‚
432 3724 471 3762 ὃς
484 3720 837 3763 consuetudinibus
854 3746 868 3767 ,
900 3719 1119 3773 privilegiis
1134 3731 1230 3772 quo-

221 3788 314 3829 que,
329 3778 492 3821 indultis
510 3807 523 3830 ,
545 3780 582 3819 &
597 3780 744 3822 Literis
760 3778 998 3833 Apostolicis
1015 3779 1054 3819 in
1071 3786 1232 3818 contra-

1527 1648 2315 1673 ——·—-··-··-·····—·-—o——···—

1297 1743 1700 1795 Conservatorium
1753 1744 2154 1814 Capucinellarum
2201 1754 2314 1801 Loci

1367 1814 1635 1881 Aquaevivae
1668 1849 1685 1871 ‚
1733 1815 1791 1864 ad
1844 1815 2116 1870 Clausuram
2165 1821 2313 1889 redigi

1364 1887 1639 1934 committit.

1319 2023 1362 2064 A>
1385 2032 1532 2078 tergo:
1569 2022 1722 2065 Dilefft‘o
1751 2025 1852 2067 Filio
1882 2026 2033 2074 ‚Vicario
2060 2030 2282 2082 Capitulari

1332 2086 1339 2095 ⁴·
1377 2079 1548 2136 Ecclafioe
1564 2083 1704 2123 Baren.
1728 2082 1835 2124 illius
1856 2085 1946 2125 sede
1960 2084 2223 2144 Arcbiepifio-

1468 2143 1556 2195 pati
1583 2145 1727 2183 Barea.
1758 2151 1919 2183 vacante
1945 2144 2117 2199 legitime>

1479 2201 1481 2205 '
1689 2199 1898 2256 deputato-
2064 2207 2066 2209 ’

1336 2315 1756 2371 URBANUS
1811 2319 2014 2367 PAPA
2066 2321 2261 2370 VIII.

1381 2441 1528 2483 Dileele
1559 2441 1640 2486 Fili
1651 2420 1826 2496 salutern
1841 2470 1855 2492 ‚
1892 2444 1939 2490 ἐς
1965 2443 2221 2498 Apostolicam

1634 2499 1936 2541 Benedimomm
1947 2529 1958 2541 .

1406 2616 1484 2656 Um
1500 2643 1515 2665 ,
1542 2617 1637 2656 ficut
1656 2615 1817 2657 Dileerae
1840 2616 1881 2658 in
1909 2617 2072 2659 Christo
2085 2618 2194 2662 Filiae
2216 2623 2309 2663 Mu⁴

1421 2672 1540 2714 lieres
1563 2673 1631 2716 seu
1654 2675 1867 2730 Virgines,
1895 2676 2170 2730 Capucinellae
2209 2693 2308 2719 nun-

1287 2740 1455 2785 cupatae,
1468 2731 1618 2774 Confer
1626 2732 1768 2773 vatorii
1780 2735 1996 2787 Aquavivae
2007 2763 2021 2784 ,
2035 2737 2176 2776 Baren.
2189 2738 2307 2778 Dioc-

1287 2788 1365 2829 cell
1385 2789 1510 2830 Nobis
1538 2803 1666 2844 nuper
1690 2792 1836 2845 exponi
1861 2790 2075 2843 fecerunt,
2105 2793 2199 2835 alitis
2223 2797 2306 2837 Ve-

1286 2845 1530 2888 nerabilibus
1547 2847 1751 2888 Fratribus
1767 2847 1919 2889 Nostris
1932 2878 1946 2899 ,
1969 2855 2009 2892 S.
2027 2853 2078 2892 R.
2095 2853 2142 2892 E.
2161 2853 2306 2894 Cardi-

1289 2903 1443 2944 nalibus
1468 2905 1640 2958 negotiis
1660 2905 1945 2959 episcoporum
1972 2910 2012 2948 &
2042 2908 2304 2961 Regularium

1288 2959 1500 3014 praepofitis
1529 2976 1601 3015 per
1616 2965 1692 3004 Eas
1717 2963 1964 3016 supplicato,
1991 2976 2032 3007 ut
2060 2965 2305 3020 passarum-2

1292 3020 1446 3059 Earum
1468 3020 1823 3062 Conservatorium
1853 3022 1902 3061 ad
1929 3022 2147 3078 perfectam
2163 3027 2305 3070 Mona,-

1291 3076 1397 3118 sterii
1414 3075 1646 3120 clausuram
1670 3077 1798 3132 redigi
1822 3078 1966 3132 possit,
1997 3083 2058 3120 Tu
2086 3081 2168 3133 post
2194 3095 2305 3122 com-

1293 3134 1440 3175 milsam
1468 3136 1557 3176 Tibi
1580 3137 1628 3176 ab
1653 3135 1803 3177 eisdem
1830 3137 2139 3188 Cardinalibus,
2163 3139 2203 3178 δι
2232 3151 2303 3193 pet

1294 3193 1356 3234 Te
1378 3202 1531 3247 captam
1558 3191 1692 3236 Status
1718 3194 1812 3234 dieti
1840 3191 2145 3236 Conservatorii
2177 3197 2304 3239 infor-

1292 3251 1510 3292 mationem
1539 3251 1726 3293 retuleris
1752 3275 1766 3299 ,
1795 3249 2001 3305 praefatum
2031 3252 2305 3297 Conservato-

1290 3311 1396 3351 rium
1420 3305 1656 3350 sufficientes
1683 3309 1864 3358 reditus,
1888 3310 1928 3350 &
1951 3309 2027 3351 alia
2050 3310 2100 3352 ad
2125 3311 2302 3356 debitam

1292 3364 1527 3407 clausuram
1541 3366 1727 3421 requisita
1745 3366 1920 3417 habere,
1945 3369 2189 3425 cupiantque
2211 3385 2302 3426 pro,-

1291 3434 1430 3478 pterea
1455 3423 1565 3465 dieta:
1579 3427 1833 3478 Exponentes
1849 3424 1915 3466 fibi
1938 3437 2011 3480 per
2028 3431 2112 3470 Nos
2136 3430 2173 3471 in
2203 3444 2302 3484 prae-

1292 3480 1404 3521 missis
1421 3482 1644 3535 opportune
1667 3483 1902 3535 provideri,
1929 3487 2014 3526 Nos
2040 3485 2199 3528 easdem
2216 3490 2299 3530 Ex-

1292 3549 1488 3594 ponentes
1512 3539 1749 3593 specialibus
1766 3543 1846 3583 &c.
1866 3540 2047 3584 volentes
2063 3570 2077 3594 ,
2100 3546 2141 3585 &
2164 3559 2301 3587 earum

1283 3597 1505 3650 singulares
1523 3596 1718 3642 Personas
1749 3598 1992 3655 &quibusvis
2010 3598 2102 3647 ⁷&cq-
2135 3604 2302 3645 censen-

1291 3665 1351 3696 tes
1370 3684 1383 3705 ,
1412 3654 1764 3709 supplicationibus
1793 3659 1949 3700 illarum
1974 3660 2148 3702 Nomine
2172 3660 2300 3702 Nobis

1291 3712 1462 3767 desuper
1491 3714 1694 3755 humiliter
1720 3717 1911 3769 porretstis
1951 3716 2126 3758 inclinati
2152 3747 2165 3768 ,
2195 3718 2301 3760 dt)

1292 3772 1522 3815 eorumdem
1539 3773 1723 3815 Fratrum
1739 3774 1974 3816 Nostrorum
1992 3777 2177 3827 consilio,
2192 3777 2303 3844 habi-

2199 3842 2241 3872 ta
