2618 4108
844 224 1742 352 ero'nferratenfis.

218 345 621 404 christianorumque
646 348 896 405 Populorum
926 351 1095 394 salutem
1129 352 1253 406 perti·

215 412 343 459 neat3
366 406 628 450 decrevimus
642 420 780 452 autem
795 410 833 451 in
846 407 1052 467 pra-sentia
1070 409 1165 452 istuc
1180 412 1253 454 ab-
1312 423 1570 468 compertum
1597 412 1677 455 effe
1695 443 1708 456 .

214 465 357 522 legare
381 466 587 510 Dilectum
610 466 774 519 Filium,
790 470 858 513 Fr.
874 470 1151 524 Hyacinthum
1167 471 1251 514 Ca-

213 522 427 580 (alensem,
442 526 696 581 L'apucinum
712 528 876 579 ,Virum
890 528 1054 581 ingenio
1069 529 1249 584 praenan-

213 593 317 636 tem,
335 585 564 642 Religionis
577 585 705 629 studio
725 586 1014 629 inflammatum
1030 616 1046 638 ‚
1058 587 1145 644 qui,
1157 602 1247 630 cum

212 644 476 688 Germaniam
491 672 506 697 ,
538 644 847 701 Hispaniamque
878 645 1073 690 mandato
1099 646 1247 691 Nostro

208 716 341 758 nuper
372 702 657 760 peragraverit
668 732 685 755 ,
715 703 948 761 Principum
973 706 1128 749 animos
1149 704 1247 748 dili·

208 774 357 819 genter
375 762 596 819 explorare
610 761 772 817 potuit,
797 776 930 820 eaque
942 764 1081 809 nostro
1099 765 1245 807 Nomi-

208 835 260 864 ne
276 820 439 865 differet
452 833 547 864 cum
563 818 795 864 Nobilitate
810 824 897 866 Tua
909 849 924 873 2
949 836 1033 880 quae
1045 822 1128 867 istis
1142 824 1243 867 Pro-

206 880 351 924 vinciis
364 878 553 923 salutaria
565 905 582 929 ‚
608 880 648 921 δι
665 880 874 938 Religioni
890 882 1042 926 decora
1059 879 1139 925 esse
1152 883 1243 927 exi-

207 939 406 983 nimamus
420 966 434 980 .
467 938 635 994 Negotii
667 940 842 998 gravitas
857 969 872 993 ,
912 951 1035 998 atque
1060 941 1247 985 Hominis

206 1000 335 1056 pietas
358 996 506 1041 nullius
519 1008 642 1054 egent
661 1000 1019 1044 commendatione
1033 999 1138 1056 apud
1157 1002 1244 1043 No-

206 1057 411 1101 bilitatem
427 1058 559 1100 Tuam
573 1084 589 1109 ,
614 1068 888 1117 quamcontra
904 1057 1092 1102 furentes
1116 1060 1244 1102 haere·

203 1117 384 1162 ticorum
416 1116 591 1173 impetus
613 1145 628 1170 ,
658 1117 884 1161 Catholici:
912 1116 1026 1160 Fidei
1057 1120 1208 1160 Arcem
1227 1145 1244 1170 ,

202 1178 492 1233 bonorumque
504 1176 683 1219 omnium
697 1174 925 1232 perfugium
937 1175 1094 1232 semper
1110 1173 1239 1226 fuisse,

203 1234 389 1291 Belgium
406 1244 477 1277 tuo
496 1233 667 1289 imperio
682 1233 864 1289 gaudens
879 1234 1071 1277 testatur:
1100 1244 1237 1276 tamen

202 1291 448 1350 Apostolicis
463 1290 615 1335 litteris
631 1292 722 1335 Tibi
738 1293 842 1336 hunc
855 1292 1001 1335 Virum
1016 1289 1239 1351 diligentis-

201 1351 297 1395 fime
313 1349 604 1395 commendare
620 1349 834 1402 voluimus,
847 1352 1136 1401 existimantes,
1149 1366 1239 1409 quae

198 1413 356 1469 pietate
371 1407 563 1453 suadente
579 1408 734 1453 faceres
748 1439 763 1462 ‚
787 1424 834 1453 ea
856 1411 1050 1455 libentius
1066 1414 1127 1456 Te
1144 1413 1242 1455 hor-

200 1470 381 1514 tantibus
396 1468 524 1512 Nobis
538 1466 858 1525 gratificaturam
872 1498 884 1511 .
909 1474 1070 1514 Caetera
1086 1484 1240 1525 cogno·

199 1529 284 1574 sces
301 1542 352 1571 ex
366 1525 517 1572 eodem
542 1530 609 1571 Fr.
632 1530 869 1583 Hyacinthe
882 1558 898 1582 ,
922 1531 987 1572 cui
1004 1543 1083 1571 non
1098 1529 1212 1574 secus
1226 1559 1242 1582 ,

198 1603 247 1634 ac
269 1588 398 1633 Nobis
409 1585 499 1643 ipfis
513 1615 529 1640 ,
542 1587 716 1630 credere
731 1589 882 1644 poterit
904 1588 1107 1632 Nobilitas
1123 1590 1210 1631 Tua
1225 1617 1241 1642 ,

198 1648 264 1706 cui
298 1645 576 1703 Apostolicam
617 1646 945 1690 Benedinionem
982 1658 1242 1703 peramanter

198 1706 477 1764 impartimur.
512 1707 664 1750 Datum
683 1707 820 1749 Romae
836 1707 941 1762 apud
954 1708 1139 1750 sanciam
1154 1709 1243 1750 Ma—

198 1769 301 1811 riam
318 1764 517 1821 Maiorem
534 1763 609 1807 sub
621 1765 788 1808 Annulo
814 1764 1026 1809 Piscator-is
1051 1765 1122 1809 die
1149 1779 1244 1809 vii.

197 1827 299 1871 Maii
322 1836 550 1868 mncxxtt.
575 1822 840 1869 Pontificatus
867 1826 1004 1869 Nostri
1025 1829 1152 1869 Anno
1180 1827 1244 1869 se-

198 1883 364 1930 cundo.

255 2007 316 2049 Ex
332 2000 458 2045 Arcb.
475 2004 630 2045 Secreto
650 2001 857 2053 Vaticano,
884 2002 1039 2060 Regesto
1051 2002 1241 2046 Brevium

309 2060 360 2106 ad
382 2061 591 2119 Principes
605 2060 714 2118 epist.
733 2062 803 2112 78.
812 2059 896 2120 sol.
910 2073 983 2110 51.

455 2297 638 2350 Eodem
670 2311 947 2366 argumento
962 2333 976 2348 .

277 2419 438 2464 nucero
461 2416 595 2471 Filio,
621 2415 760 2461 Nobili
793 2417 908 2469 Viro,
931 2416 1158 2462 Marchioni

620 2476 823 2533 spinule.

198 2596 815 2652 GREGORIUS
866 2597 1076 2646 PAPA
1114 2599 1233 2647 XV.

197 2717 355 2763 DileSe
369 2717 468 2768 Fili,
482 2714 638 2762 Nobilis
647 2713 908 2772 Vir‚sblutcm
924 2713 1236 2772 &Apostolicam

546 2773 851 2818 Benediffionem
872 2803 886 2816 .

297 2895 436 2940 Ellicae
451 2894 590 2939 laudes
605 2919 620 2941 a
644 2890 793 2948 quibus
816 2891 1056 2938 Nobilitatis
1072 2898 1151 2934 tuae
1165 2905 1237 2934 no-

311 2969 404 2998 men
431 2965 493 2997 tot
523 2950 686 2997 funessae
715 2951 915 2994 haereticis
943 2953 1137 2994 Vifiioriae
1158 2952 1233 2993 iu.»

193 3014 339 3070 Belgio
360 3012 612 3058 illustrarunt
627 3040 642 3064 ,
666 3024 759 3053 cum
788 3010 883 3053 Tibi
915 3008 1234 3054 Catholicorum

193 3075 377 3119 omnium
393 3073 522 3118 studia
538 3099 555 3123 ‚
578 3070 936 3126 maximorumque
965 3068 1236 3124 Principum..

193 3131 528 3178 benevolentiam
555 3130 902 3182 conciliaverint,
926 3127 1020 3172 satis
1046 3127 1236 3170 luculen-

196 3201 266 3233 ter
285 3191 521 3242 declarant,
546 3189 665 3246 quam
683 3186 856 3232 scienter
874 3203 964 3232 eam
978 3187 1150 3243 gloriam
1165 3201 1236 3243 ap-

195 3259 343 3307 petas,
369 3251 411 3293 in
435 3248 551 3305 cujus
581 3245 814 3303 poiseffione
841 3248 1051 3290 versantur
1078 3246 1236 3290 ultores
1275 3256 1278 3260 ·

195 3307 429 3357 scelerum,
455 3310 494 3351 8(
517 3306 773 3350 Orthodoxae
791 3305 1019 3363 Religionis
1043 3319 1237 3363 propaga-

195 3379 308 3413 tores
319 3400 332 3411 .
363 3372 507 3430 Qare
528 3365 877 3410 admonitionibus
892 3379 970 3408 non
986 3379 1112 3421 egere
1128 3365 1233 3408 arbi·

196 3430 577 3473 tramurvirtutem
602 3436 712 3468 tuam
727 3451 743 3475 ,
766 3424 836 3467 ubi
852 3422 1088 3467 salutaribus
1112 3423 1241 3467 confi-

194 3487 278 3542 liis,
290 3490 331 3531 8(
345 3486 517 3531 fortibus
532 3497 656 3528 armis
672 3483 749 3526 Dei
764 3483 877 3526 causa
892 3481 1043 3528 tuenda
1057 3482 1114 3527 est
1127 3513 1138 3525 .
1156 3487 1197 3526 M
1204 3484 1237 3526 i-

195 3545 330 3592 litaria
377 3547 487 3589 enim
520 3545 672 3589 decora
699 3542 937 3586 Nobilitatis
966 3545 1060 3586 Tuae
1099 3541 1236 3586 dum-2

195 3606 348 3650 mentis
368 3605 508 3649 nostrae
532 3602 663 3649 oculis
684 3601 953 3645 obversantur
966 3632 981 3653 ,
1010 3601 1233 3658 gaudemus

196 3666 237 3709 in
251 3666 296 3709 iis
313 3664 513 3723 praecipub.
531 3662 761 3709 Provinciis
778 3672 929 3705 tantam
947 3658 1236 3705 fortitudinem

194 3725 432 3773 excubare,
458 3724 526 3768 ubi
553 3723 743 3781 graviora
763 3721 967 3766 Fidelibus
984 3721 1148 3776 Populis
1164 3736 1237 3778 pe-

195 3783 324 3827 ricula
340 3782 453 3825 struit
470 3783 634 3828 humani
656 3782 820 3838 generis
851 3782 970 3824 hostis
991 3812 1003 3821 .
1037 3783 1110 3823 Hae
1137 3781 1236 3824 verb

193 3841 450 3900 calamjtates
464 3872 481 3895 ,
514 3844 636 3897 quam
655 3845 741 3886 Nos
765 3841 914 3886 affidue
941 3840 1140 3885 sollicitos
1168 3841 1237 3884 ha·

1317 353 1436 396 beant
1451 381 1466 405 ‚
1482 363 1687 397 credimus
1702 382 1719 406 ,
1746 353 1975 398 Germaniae
1989 352 2245 410 Principibus
2260 357 2352 400 satis

1738 411 2048 473 Qiescendum
2072 425 2209 458 tamen
2236 429 2350 459 non.»

1313 470 1385 520 est,
1397 470 1464 513 nisi
1483 471 1659 527 gladios,
1671 473 1861 527 sanguine
1876 472 2100 516 Catholico
2118 474 2349 526 madentes,

1309 544 1358 573 ex
1376 532 1656 573 haereticorum
1673 532 1852 572 manibus
1865 541 2181 587 extorqueamus
2194 562 2206 573 .
2231 536 2349 593 Qa-

1308 587 1632 691 {5323‘2352‘3
1657 589 2346 704 ³‘lx‘§Ziziztzussffl‘fflsffl‘

1638 675 1654 699 s
1735 677 1746 688 ·
2328 679 2347 702 s

1308 706 1570 762 capucinum
1581 734 1596 758 ,
1613 716 1660 749 ut
1675 706 1808 749 nostro
1824 707 1989 751 nomine
2002 721 2050 750 ea
2066 707 2247 763 disserat,
2259 724 2347 767 quae

1304 774 1517 878 ἷῖἔῗῑξῖἒὲἷ
1538 765 1722 880 ‚⁰2:¹32
1729 764 1928 878 ‘maz-'3
1932 767 2276 869 ‘3321530‘3‘3'55
2296 770 2349 869 Si

1300 882 1510 929 eamdem,
1522 895 1644 938 quam
1658 881 1789 925 Nobis
1803 883 1909 938 ipsis,
1923 881 2043 927 fidem
2066 885 2215 927 habere
2232 897 2348 941 pote-

1307 941 1359 983 rit
1375 940 1580 984 Nobilitas
1598 943 1685 983 Tua
1702 969 1716 992 ,
1739 954 1826 997 quae
1841 941 2057 998 plurimam
2070 944 2094 986 a
2110 944 2238 985 Nobis
2256 957 2347 998 gra-

1306 999 1403 1044 tiam
1424 1000 1573 1052 inibit,
1602 1001 1643 1044 &
1666 999 1879 1044 Catholici
1897 1002 2074 1044 nominis
2097 999 2346 1057 dignitatem

1305 1058 1489 1101 tuebitur
1501 1086 1516 1110 ,
1538 1058 1562 1101 fi
1577 1057 1666 1115 ejus
1680 1068 1853 1103 conatus
1867 1059 2120 1103 authoritate
2139 1060 2203 1102 sua
2221 1060 2345 1115 juve-

1303 1117 1382 1159 rit.
1410 1117 1487 1161 Vir
1505 1119 1644 1170 enim,
1668 1118 1739 1173 qui
1757 1117 1998 1163 felicitatem
2024 1118 2131 1160 suam
2146 1118 2185 1160 in
2205 1120 2345 1162 Divini

1299 1171 1450 1219 Cultus
1466 1175 1729 1221 incremento
1748 1175 1962 1222 constituit
1976 1206 1992 1230 ,
2023 1191 2070 1220 ac
2082 1190 2215 1233 nuper
2228 1178 2345 1221 Cha-

1299 1232 1466 1277 rissimos
1482 1234 1523 1279 in
1537 1235 1702 1279 Christo
1717 1235 1841 1280 Filios
1856 1236 2344 1289 nostros,Ferdinandum

1299 1294 1602 1348 Imperatorem
1614 1294 1792 1339 electum
1801 1296 1868 1349 ,δι
1883 1295 2132 1355 Philippum,
2148 1294 2345 1338 Catholi-

1299 1365 1393 1395 cum
1409 1354 1597 1409 Regem,
1622 1353 1803 1413 aliosque
1817 1354 2028 1411 Principes
2049 1355 2149 1398 adiit
2171 1353 2345 1396 manda-

1302 1420 1348 1454 to
1361 1411 1500 1455 nostro
1515 1440 1529 1465 ,
1554 1426 1699 1457 eorum
1717 1414 1870 1458 animos
1884 1409 2008 1458 facile
2032 1414 2343 1470 introspicere)

1300 1471 1434 1526 potuit
1447 1500 1463 1523 ,
1494 1485 1626 1528 eaque
1657 1472 1877 1517 Pontificio
1906 1473 2074 1516 nomine
2105 1483 2308 1529 proponet
2323 1502 2340 1523 ,

1301 1543 1389 1585 quae
1413 1530 1692 1575 &Catholicae
1704 1531 1820 1577 Fidei
1849 1531 2097 1589 dignitatem
2125 1541 2340 1584 tutentur,

1300 1602 1346 1631 ac
1363 1585 1543 1632 feliciter
1555 1587 1604 1632 ad
1619 1590 1775 1635 exitum
1788 1590 1960 1647 perduci
1974 1589 2342 1647 poffint.Aposioli.

1302 1659 1394 1689 cam
1421 1646 1641 1690 Nobilitati
1671 1650 1767 1692 Tuae
1793 1648 2118 1692 benedictionem
2150 1649 2344 1704 imparti-

1305 1719 1394 1749 mur
1408 1733 1422 1759 ,
1436 1706 1499 1750 cui
1514 1715 1635 1752 tantae
1646 1706 1785 1765 gloria
1799 1707 2098 1753 incrementum
2114 1708 2344 1750 vehemen-

1304 1775 1372 1811 ter
1383 1774 1572 1820 optamus
1583 1794 1594 1808 .
1612 1769 1763 1812 Datum
1778 1767 1919 1810 Roma:
1933 1766 2039 1823 apud
2055 1769 2240 1811 Sanctam
2253 1770 2344 1809 Ma-

1303 1825 1407 1867 riam
1422 1823 1623 1880 Majorem
1652 1825 1719 1868 sub
1746 1825 1911 1869 Annulo
1927 1825 2142 1870 Piscatoris
2157 1825 2225 1868 die
2243 1839 2288 1868 vi
2305 1839 2340 1868 ι.

1303 1883 1405 1989 Μιίἇ
1430 1898 1652 1928 mucxxii.
1676 1882 1949 1929 Pontificatus
1975 1886 2113 1929 Nostri
2136 1889 2257 1929 Anno
2278 1882 2343 1940 seq

1300 1956 1376 1988 cun
1408 1956 1456 1985 ο.

1357 2062 1419 2104 Ex
1442 2060 1571 2104 eodem
1588 2060 1787 2116 Archivo,
1815 2060 2002 2121 Regesso,
2023 2062 2073 2111 (9·
2089 2058 2196 2121 folio
2210 2090 2226 2104 .

1297 2297 1462 2349 Eidem
1497 2302 1574 2351 Fr.
1600 2299 1879 2368 Hyacinthe
1909 2303 2069 2352 Sacras
2104 2301 2340 2367 Reliquias

1367 2387 1425 2420 ex
1455 2370 1541 2437 piis
1572 2370 1869 2430 Germaniae,
1903 2373 2101 2423 Franciae
2123 2406 2139 2430 ,
2171 2369 2342 2439 Hispa·

1366 2441 1483 2498 niae,
1517 2437 1567 2491 ὅ(
1598 2441 1892 2509 Belgicarum
1925 2443 2166 2493 Ditionum
2199 2444 2336 2491 Locis

1366 2510 1664 2570 extrahendi,
1686 2527 1771 2579 pro
1792 2507 1835 2562 se
1859 2510 2083 2562 retinendi
2099 2547 2115 2570 ,
2142 2514 2218 2561 vel
2238 2513 2338 2561 aliis

1366 2578 1579 2631 Ecclefiis
1621 2580 1821 2632 donandi
1863 2579 2133 2633 facultatem
2169 2583 2338 2652 imper-

1368 2666 1513 2704 titur·

1298 2774 1335 2816 A
1364 2782 1508 2828 tergo:
1543 2770 1696 2814 Dileelo
1714 2769 1848 2824 Filio,
1878 2771 2097 2827 Hyacintho
2120 2772 2165 2814 de
2180 2770 2333 2832 Casili,

1358 2831 1518 2875 Ordinis
1544 2833 1741 2873 Fratrum
1769 2828 1974 2874 Minor-um
2006 2834 2047 2873 S.
2074 2831 2279 2889 fruncstl

1317 2917 1322 2922 ·
1385 2892 1675 2947 capuanorum
1687 2898 2001 2946 nuncupatorum
2015 2888 2222 2950 stifi'ffiiri
2234 2919 2247 2931 .

1294 3007 1893 3064 GREGORIUS
1946 3009 2167 3058 PAPA
2215 3011 2335 3059 XV.

1412 3125 1567 3171 Ditebi'e
1589 3124 1673 3169 Fili
1683 3123 1862 3182 sulutem
1887 3126 1937 3174 θ’
1963 3125 2223 3183 Apostoltcam

1646 3184 1956 3229 Benediffionem
1968 3211 1982 3225 .

1391 3303 1444 3347 lis
1458 3316 1506 3346 ac
1523 3301 1687 3345 devotis
1702 3301 2061 3359 supplicationibus
2077 3303 2171 3347 Tuo
2186 3304 2332 3348 Nomi-

1415 3376 1467 3407 ne
1493 3362 1621 3405 Nobis
1647 3362 1856 3405 humiliter
1886 3363 2082 3418 porrectis
2112 3362 2332 3413 inclinati,

1300 3433 1349 3462 ac
1371 3420 1586 3477 specialem
1613 3421 1708 3464 Tibi
1737 3421 1912 3477 gratiam
1944 3418 2084 3464 facere
2116 3423 2302 3467 volentes
2319 3448 2333 3471 ‚

1301 3481 1447 3537 Teque
1459 3482 1483 3526 a
1495 3479 1698 3536 quibusvis
1712 3481 1791 3522 διε.
1806 3479 2020 3523 censentes
2033 3506 2048 3530 ‚
2063 3480 2174 3535 Tibi,
2188 3495 2233 3525 ut
2256 3483 2334 3524 ali-

1296 3551 1396 3596 quas
1411 3542 1653 3583 Sandiorum
1675 3541 1716 3581 δι
1733 3541 1968 3583 δεηᾶιωιῃ
1985 3540 2199 3583 Sacrarum
2220 3541 2335 3583 Reli-

1294 3599 1480 3656 quiarum
1502 3597 1740 3655 particulas,
1752 3597 1848 3641 Tibi
1864 3598 2006 3655 sponte
2020 3600 2330 3650 concedendas,

1297 3671 1350 3700 ex
1382 3657 1601 3710 Ecclesiis‚
1629 3657 1913 3710 monasteriis,
1942 3658 2088 3701 &aliis
2109 3660 2227 3702 Locis
2255 3659 2330 3714 piis

1298 3717 1555 3770 Germaniae,
1589 3716 1795 3769 Franciae,
1826 3716 2053 3773 Hispania,
2083 3719 2119 3759 δε
2148 3718 2330 3773 Belgica·

1297 3791 1386 3820 rum
1402 3776 1618 3819 Ditionum
1632 3777 1687 3820 de
1707 3777 1805 3819 inibi
1825 3776 2126 3821 Praefidentium
2147 3779 2186 3818 δι
2202 3781 2332 3830 Supe-

1296 3838 1452 3880 riorem
1467 3835 1659 3885 consensu
1680 3864 1697 3889 ,
1726 3835 1952 3881 dummodo
1982 3846 2119 3881 tamen
2147 3850 2243 3936 nond
2254 3836 2330 3878 sint

2249 3909 2273 3937 e
