2664 4114
996 182 1582 308 ‘’Rhegienfir.

366 295 403 338 E
464 297 498 338 P
556 297 576 338 1
636 300 663 342 S
724 297 763 340 T
823 297 862 338 Ο
922 299 956 339 L
1018 305 1080 342 A.

374 411 638 485 S.Congreg.
670 415 805 481 Epist.
837 421 891 467 r&
923 417 1082 485 Regul-

208 542 445 595 Fratribus
473 547 687 595 Cotronii
720 546 896 594 Oleum
931 550 1127 600 Sacrum
1155 565 1238 616 pro

280 619 532 666 Conventa
548 613 863 665 asservandum
885 613 1236 678 subministrari,

272 682 502 754 Episcopo
526 685 620 733 loci
659 687 912 752 imponitur
928 723 942 735 .

315 821 486 882 Illustris
498 853 515 876 ,
548 837 594 867 ac
621 825 935 882 Reverendisp'me
952 828 1119 875 Domine

584 887 647 926 uti
674 887 821 927 Frater
835 915 847 927 .

315 1003 354 1045 U
373 1002 417 1043 M
462 1004 629 1044 Fratres
667 1002 870 1059 Capucini
905 1002 1011 1045 illius
1041 1001 1233 1045 Civitatis

336 1063 372 1103 S.
388 1060 712 1117 congregationi
736 1063 929 1103 dolenter
942 1063 1202 1116 exposuerint
1219 1089 1234 1111 ,

197 1126 306 1176 quod
331 1119 455 1161 etiam
480 1134 551 1175 per
583 1120 714 1162 varias
732 1119 851 1164 factas
868 1120 1068 1160 instantias
1084 1121 1232 1162 Oleum

197 1183 371 1222 Sacrum
389 1179 536 1221 habere
549 1189 755 1231 nequeant
768 1189 991 1232 ,quatenus
1007 1178 1119 1230 juxta
1137 1192 1232 1234 pra-

195 1237 265 1278 xin
279 1236 320 1276 in
335 1236 520 1276 omnibus
537 1235 709 1277 aliarum
725 1236 949 1278 civitatum
965 1265 979 1287 ,
1003 1240 1038 1278 &
1064 1238 1232 1279 Dioece-

192 1293 409 1347 fium,casu
425 1294 686 1343 succedente,
701 1294 773 1335 illo
789 1297 977 1349 prompte
994 1296 1052 1336 uti
1064 1305 1230 1350 queant,

191 1350 504 1399 Eminentiflimi
537 1353 700 1395 Domini
729 1354 884 1395 causam
910 1352 1134 1410 hujusmodi
1153 1369 1230 1396 mo.

193 1426 246 1457 1·ae
278 1426 355 1455 non
384 1411 590 1468 capientes
608 1441 622 1464 ‚
661 1413 937 1467 Amplitudini
975 1416 1069 1456 Tuae
1106 1417 1128 1457 a
1165 1427 1228 1454 me

188 1471 311 1515 scribi
327 1468 566 1514 ordinarunt
583 1498 598 1521 ,
613 1480 688 1522 ut,
706 1471 729 1513 fi
751 1473 790 1513 in
806 1473 1054 1518 contrarium
1071 1471 1231 1514 causam

188 1545 273 1575 non
289 1532 433 1573 habeat
449 1529 731 1581 relevantem,
746 1531 916 1572 &illico
938 1533 1070 1572 Emin.
1091 1531 1230 1573 Domi,-

187 1591 249 1634 nis
273 1587 538 1646 aperiendam
555 1618 569 1640 ,
602 1602 681 1631 non
707 1589 834 1632 solum
860 1590 964 1630 illud
981 1591 1227 1644 Capucinis,

188 1648 259 1694 sed
280 1648 403 1691 etiam
430 1647 618 1689 omnibus
641 1647 733 1689 aliis
754 1648 1027 1704 Regularibus
1045 1647 1227 1705 ejusdem

190 1707 462 1759 Civitatis,&
486 1706 679 1748 Dioecesis
697 1705 967 1748 subministret
984 1737 994 1747 .
1030 1710 1092 1750 lta
1109 1708 1224 1762 proin

190 1774 451 1822 exequatur,
486 1766 525 1806 &
550 1767 660 1808 Deus
689 1778 779 1808 eam
813 1764 1054 1812 conservet.
1086 1768 1226 1809 Romae
1254 1769 1256 1771 ’

189 1824 382 1883 ,lo-junii
406 1828 528 1881 ¹529·

401 1988 465 2040 A.
478 1937 1047 2059 Cardigffizuffgzsuphrii·

566 2116 750 2175 Archiep.
774 2120 940 2164 Thebar.
962 2124 1105 2165 Secret.

247 2241 307 2282 Ex
338 2236 435 2292 Reg.
464 2240 612 2280 Secrct.
643 2241 831 2296 Congreg-
860 2243 989 2294 anni,
1024 2241 1077 2290 ὠ·
1105 2237 1225 2296 mens-⁸

296 2297 430 2353 praed·
450 2293 532 2353 fol.
552 2311 614 2340 ιι.

192 2435 833 2460 ..nn———dh—
837 2426 1222 2454 --L———u—-n

195 2534 359 2589 Libros
380 2536 423 2584 in
443 2534 725 2585 Bibliotheca
755 2534 937 2586 Domi‘is
956 2537 1120 2586 veteris
1144 2536 1223 2586 Ci-

263 2607 420 2657 vitatis
438 2605 702 2676 Rhegienfis
737 2604 904 2674 positos
935 2642 949 2664 ,
975 2606 1023 2655 &
1058 2623 1223 2672 ponen-

261 2678 347 2726 dos
366 2712 382 2734 ,
413 2677 648 2727 Fratribus
672 2674 909 2742 utriusque
939 2675 1117 2726 Domus
1147 2678 1225 2726 ini-

259 2746 307 2796 bi
331 2763 417 2814 pro
436 2742 519 2797 ulu
533 2764 804 2796 communes
823 2746 907 2796 effe
933 2747 1154 2796 decernit.

190 2876 655 2932 URBANUS
731 2860 953 2926 PAPA
1022 2878 1219 2925 v111.

368 3005 437 3050 Ad
440 3012 676 3062 perpetuam
710 3006 772 3046 rei
794 3005 1020 3065 ‘memoriam
1037 3033 1048 3043 .

343 3126 457 3178 Uper
494 3138 569 3179 pro
607 3130 720 3179 parte
755 3122 999 3166 dilefftorum
1028 3120 1221 3163 Filiorum

360 3183 617 3232 Guardiani,
644 3184 683 3223 &
710 3185 899 3224 Fratrum
930 3194 1040 3222 novae
1073 3176 1222 3221 Domus

195 3239 420 3296 Regularis
437 3242 623 3282 Fratrum
639 3241 838 3282 Minorum
851 3239 1017 3281 Ordinis
1042 3241 1080 3281 S.
1101 3240 1225 3279 Fran-

194 3297 289 3342 cisci
328 3298 628 3352 Capucinorum
655 3308 1006 3353 nuncupatorum,
1029 3296 1224 3339 Civitatis

194 3359 405 3411 Rhegien.
440 3357 569 3397 Nobis
598 3359 820 3410 expositum
849 3355 950 3407 suit,
992 3355 1100 3410 quod
1138 3354 1226 3408 ipsis

196 3416 321 3459 valde
347 3412 502 3456 necesse
520 3415 604 3465 est,
631 3415 743 3457 libris
774 3415 813 3456 in
830 3415 1083 3455 Bibliotheca
1111 3423 1228 3454 vete·

197 3479 252 3518 ris
268 3472 418 3518 Domus
435 3473 654 3528 Regularis
682 3476 870 3515 Fratrum
887 3472 1048 3513 Ordinis
1061 3500 1075 3522 ,
1100 3473 1139 3511 &
1154 3471 1228 3512 Ci-

201 3535 340 3576 vitatis
360 3532 585 3590 hujusmodi
604 3531 782 3587 repofitis
801 3532 856 3573 uti
876 3529 1008 3587 poffe3
1041 3531 1226 3579 Verum,

201 3594 291 3648 quia
314 3593 438 3636 libros
458 3591 662 3647 praedinos
690 3592 787 3633 inde
801 3593 1018 3633 extrahere
1037 3618 1051 3640 ,
1076 3588 1143 3631 vel
1158 3601 1228 3628 au-

199 3651 310 3692 ferre
325 3652 552 3705 Apostolica
569 3650 824 3692 Auetoritate
839 3650 909 3690 sub
929 3662 1046 3703 poena
1062 3659 1226 3688 excom-

200 3709 532 3752 comunicationis
561 3710 810 3763 prohibitum
842 3709 898 3750 est
926 3736 940 3758 ,
973 3706 1103 3749 Nobis
1133 3719 1227 3758 pro-

198 3778 342 3825 pterea
364 3769 620 3820 exponentes
647 3766 822 3824 praedicti
847 3766 1058 3824 humiliter
1074 3763 1224 3823 supplif

319 3827 508 3869 Tam-Ill.

1304 318 1386 346 cari
1413 310 1627 359 recerunt,
1657 309 1798 352 ut'fibi
1825 309 1865 353 in
1890 312 2088 368 praemiffis
2104 319 2338 370 opportune

1304 366 1526 416 providere
1564 369 1616 409 de
1643 371 1902 424 benignitate
1931 372 2166 426 Apostolica
2193 375 2342 430 digna-

1303 434 1462 486 remur.
1481 430 1566 467 Nos
1583 427 1703 480 igitur
1717 429 1881 470 eosdem
1898 432 2164 485 Exponentes
2182 434 2341 486 specia-

1301 478 1407 521 libus
1434 480 1645 527 favoribus
1659 515 1672 535 ,
1700 489 1739 528 ὅ(
1753 489 1896 543 gratiis
1915 491 2099 544 prosequi
2118 490 2310 534 volentes
2324 521 2341 542 ‚

1298 540 1494 581 &eorum
1521 544 1743 596 singulares
1769 546 1958 601 personas
1981 550 2005 593 ὲ
2031 550 2238 603 quibusvis
2263 565 2340 592 ex-

1299 601 1675 662 communicationis
1691 630 1705 652 ,
1723 604 2012 657 suspenlionis,
2044 608 2083 647 &
2099 607 2339 659 interdicti,

1295 656 1463 709 alinque
1480 657 1771 720 Iicclefiasticis
1787 661 2028 715 sententiis,
2061 667 2269 718 censuris,
2299 669 2338 708 δε

1294 716 1429 767 poenis
1445 713 1464 753 a
1481 728 1568 767 jure
1584 743 1597 765 ,
1615 717 1679 758 vel
1697 718 1749 760 ab
1763 720 1926 762 homine
1942 725 2081 777 qua-vis
2099 725 2310 768 occafione
2325 754 2340 777 ,

1297 771 1360 812 vel
1384 771 1499 812 causa
1530 773 1621 813 latis
1637 801 1650 824 ,
1683 775 1706 815 si
1728 777 1871 830 quibus
1887 783 2205 834 quomodolibet
2222 785 2340 826 inno-

1295 829 1398 870 datae
1414 828 1612 878 existunt,
1635 832 1686 874 ad
1701 834 1885 878 effefium
1903 841 2159 891 praesentium
2176 843 2340 885 dumta-

1295 897 1363 928 xat
1379 887 1739 943 consequendum,
1773 894 1914 934 harum
1931 895 2032 937 serie
2047 899 2306 945 absolventes
2321 927 2339 950 ς,

1294 948 1334 987 &-
1349 946 1551 988 absolutas
1565 948 1653 990 fore
1671 949 1883 994 censentes
1899 981 1913 1003 ,
1940 954 2165 1009 hujusmodi
2188 960 2337 1015 suppli-

1295 1005 1524 1048 cationibus
1538 1007 1893 1059 inclinati,eisdem
1903 1013 2336 1073 Exponentibus,quod

1296 1064 1494 1121 pra’miflis
1515 1079 1595 1107 non
1608 1066 1857 1111 obstantibus
1874 1097 1888 1120 ,
1901 1070 1994 1111 libri
2023 1072 2062 1113 in
2079 1075 2334 1119 Bibliotheca

1295 1123 1482 1178 ρηεάἰέὶε
1499 1125 1686 1178 repositi,
1714 1127 1753 1166 δε
1775 1135 1848 1182 pro
1863 1138 2053 1184 tempore
2070 1137 2296 1186 reponendi
2319 1165 2337 1186 ,

1294 1195 1519 1236 eorumque
1547 1184 1663 1235 usus,
1691 1187 1856 1242 utrique
1886 1188 2112 1232 Domorum
2145 1195 2333 1247 Regula-

1294 1242 1398 1282 rium
1423 1240 1699 1295 praedit‘tarum
1716 1273 1729 1294 ,
1758 1244 1823 1285 seu
1848 1259 1987 1288 earum
2002 1250 2210 1291 Fratribus
2239 1251 2333 1294 de.»

1291 1309 1442 1342 caetero
1457 1297 1529 1340 fint
1543 1325 1557 1346 a
1587 1303 1626 1342 δι
1641 1301 1721 1344 effe
1735 1303 1916 1346 debeant
1941 1320 2173 1350 communes
2186 1338 2199 1359 ,
2216 1311 2336 1363 Apo-

1292 1358 1430 1401 stolica
1461 1361 1720 1403 Auctoritate
1737 1390 1750 1412 ,
1777 1372 1920 1405 tenore
1945 1367 2203 1420 praesentium
2230 1382 2333 1410 con-

1292 1418 1492 1466 cedimus,
1507 1418 1817 1474 &indulgemus
1835 1449 1846 1463 .
1864 1425 1955 1464 Non
1970 1424 2215 1468 obstantibus
2234 1437 2333 1481 pro-

1292 1476 1492 1517 hibitione
1510 1476 1694 1530 praedic'ta
1709 1506 1723 1530 ,
1749 1478 1915 1534 aliisque
1933 1484 2300 1527 Constitutionibus
2313 1512 2329 1534 ,

1287 1536 1327 1575 &
1343 1535 1680 1577 Ordinationibus
1699 1538 1942 1591 Apostolicis
1956 1563 1969 1585 ι
1994 1555 2156 1584 necnon
2177 1547 2331 1585 Domo.

1290 1607 1375 1634 rum
1391 1620 1406 1642 ,
1419 1592 1636 1635 &Ordinis
1654 1594 1909 1650 hujusmodi,
1928 1599 2051 1640 etiam
2072 1600 2328 1655 juramento,

1287 1649 1596 1694 confirmatione
1611 1654 1873 1707 Apostolica,
1898 1657 1961 1699 vel
1990 1659 2068 1700 alia
2094 1662 2233 1714 quavis
2261 1659 2328 1701 fir.

1287 1711 1433 1751 mitate
1451 1711 1650 1752 roboratis
1677 1711 1832 1755 statutis
1847 1743 1861 1765 ,
1875 1716 1916 1755 &
1929 1717 2294 1762 consuetudinibus
2312 1747 2327 1771 ,

1287 1768 1525 1823 caeterisque
1541 1772 1756 1812 contrariis
1775 1772 2090 1832 quibuscumque
2105 1805 2117 1816 .

1347 1830 1500 1869 Datum
1529 1829 1667 1869 Romae
1694 1832 1798 1885 apud
1831 1833 2014 1875 Sanctam
2043 1835 2216 1877 Mariam
2241 1839 2332 1880 Mass

1284 1885 1416 1944 jorem
1448 1885 1518 1927 sub
1548 1887 1716 1929 Annulo
1746 1888 1962 1933 Piscatorls
1979 1921 1992 1944 ,
2022 1896 2101 1936 Die
2127 1908 2219 1936 xxx.
2251 1901 2327 1938 Se-

1286 1944 1484 2002 ptembris
1507 1960 1728 1989 mccxxxw
1746 1963 1778 1992 1-
1812 1950 2082 1997 Pontificatus
2099 1954 2221 1996 nostri
2241 1957 2329 2005 Anff

1286 2019 1340 2047 no
1366 2004 1677 2059 decimoquinto
1691 2036 1705 2049 .

1835 2127 1895 2167 Μ.
1909 2127 1962 2168 Α.
1976 2127 2209 2172 maraldus

1345 2241 1559 2301 Exemplar
1583 2242 1623 2284 in
1641 2244 1811 2286 Archiae
1829 2245 1984 2288 Ordinis
2002 2249 2193 2290 Armario
2218 2250 2325 2293 Pro—T

1402 2302 1535 2344 vincia
1551 2302 1789 2358 Rhegienlis
1809 2331 1820 2343 .

1291 2429 1847 2446 *Q———C

2081 2435 2328 2452 -t-

1283 2542 1472 2589 Novam
1508 2526 1714 2588 Domum
1753 2542 1796 2588 in
1816 2541 1921 2588 loco
1952 2543 2129 2590 Montis
2149 2545 2320 2595 Leonis

1353 2609 1537 2677 antiqua
1554 2610 1779 2660 destrustei
1797 2608 1976 2660 fundari
1998 2612 2211 2680 indulget
2227 2650 2242 2663 .

1321 2752 1737 2810 URBANUS
1802 2753 2020 2802 PAPA
2084 2757 2284 2807 VIII.

1488 2887 1557 2929 Ad
1555 2887 1750 2944 futuram
1765 2892 1825 2931 rei
1839 2893 2065 2933 memoriam
2081 2921 2093 2932 .

1394 3005 1530 3058 Xponi
1549 3005 1677 3048 Nobis
1697 3019 1826 3059 nuper
1838 3003 2029 3049 fecerunt
2054 3008 2203 3049 Dileffi
2218 3008 2311 3050 Filii

1414 3067 1578 3106 Fratres
1594 3065 1761 3106 Ordinis
1779 3066 1980 3105 Minorum
1995 3067 2127 3108 Sancti
2143 3068 2314 3108 Franci-

1287 3125 1338 3165 sci
1366 3124 1671 3177 Capucinorum
1705 3134 2029 3176 nuncupatorum
2051 3153 2067 3172 ‚
2088 3125 2311 3166 Provinciae

1287 3182 1495 3237 Rhegien.
1510 3181 1547 3221 in
1575 3181 1767 3222 Calabria
1782 3206 1795 3226 a
1815 3181 1922 3235 quod
1938 3179 2005 3234 ipli
2022 3196 2170 3223 novum
2196 3185 2310 3224 Con-

1288 3251 1453 3284 ventum
1471 3238 1565 3280 dieti
1582 3239 1636 3280 sui
1653 3239 1814 3279 Ordinis
1831 3239 1867 3279 in
1886 3241 2017 3281 Terra
2034 3243 2189 3282 Montis
2208 3244 2311 3284 Leo.

1287 3299 1346 3341 nis
1371 3298 1557 3339 Mileten.
1574 3295 1735 3338 Doeces.
1751 3297 2063 3340 construxerunt
2078 3326 2092 3349 ,
2126 3297 2189 3340 seu
2209 3316 2307 3342 con—

1288 3357 1380 3398 strui
1409 3354 1595 3397 fecerunt
1612 3381 1626 3402 ,
1641 3355 1772 3395 veteri
1787 3358 2007 3399 Conventa
2023 3386 2037 3408 ,
2063 3372 2179 3414 quem
2211 3359 2305 3401 inibi

1288 3414 1507 3462 habebant,
1522 3414 1579 3455 uti
1596 3413 1714 3455 valde
1726 3414 2218 3467 incommodo,dereli‹ft0,
2234 3432 2306 3460 nec

1290 3487 1368 3515 non
1396 3482 1581 3514 veterem
1613 3475 1874 3514 Conventum
1906 3473 2128 3527 hujusmodi
2143 3504 2157 3527 ,
2186 3475 2308 3518 illius-

1288 3545 1367 3587 que
1383 3530 1618 3580 Ecclesiam,
1633 3544 1803 3584 quoru-m
1825 3531 2040 3574 ruderibus
2054 3562 2068 3583 ,
2084 3534 2121 3573 8(
2134 3548 2305 3577 caemen-

1285 3592 1334 3632 tis
1350 3599 1531 3640 utantur,
1550 3589 1762 3640 demoliri,
1779 3589 2021 3647 illorumque
2045 3592 2160 3633 situm
2182 3593 2303 3634 vendi

1286 3649 1420 3692 facere
1445 3647 1676 3689 defiderant
1690 3650 1798 3703 ,quo
1816 3648 1910 3690 dieti
1929 3651 2022 3691 novi
2045 3649 2306 3698 Conventus,

1287 3709 1327 3749 in
1351 3720 1431 3760 quo
1446 3705 1524 3761 jam
1541 3706 1749 3756 habitant,
1766 3707 1806 3746 &
1820 3707 1858 3748 in
1878 3707 1983 3749 illius
2000 3722 2104 3750 nova
2125 3708 2303 3751 Ecclesia

1284 3766 1439 3810 divinas
1453 3763 1613 3808 Laudes
1628 3791 1642 3815 ,
1656 3767 1692 3806 δε
1708 3764 1847 3807 Officia
1862 3767 2122 3822 persolvunt,
2137 3765 2305 3808 neceffi-

1719 3825 1740 3865 1
2150 3826 2243 3865 tati-
