2618 4108
305 303 370 360 ag'i
396 333 407 344 .
441 294 631 346 Primum¹
653 297 804 340 scilicet
839 294 896 336 est
923 321 936 344 ,
975 293 1085 349 quod
1123 296 1330 337 Ordinarii

304 360 454 407 locide
468 361 607 402 asserta
624 354 880 398 Professionis
905 352 1095 394 nullitate
1113 355 1198 408 post
1218 354 1330 408 elap-

303 422 383 462 ffim
409 417 754 474 quinquennium,
786 423 865 452 non
894 410 1051 452 indulta
1077 412 1126 451 ab
1153 411 1329 465 Aposto-

302 479 377 520 lica
396 477 501 522 Sede
528 474 778 517 restitutione
794 469 832 509 in
847 469 1044 522 integrum
1059 497 1073 518 ,
1091 473 1327 522 praesumunt

301 536 545 591 agnoscere.
578 527 803 573 Secundum
828 540 840 567 :
872 526 979 580 quod
1005 526 1055 567 ab
1079 527 1220 568 iisdem
1246 528 1326 568 Or-

300 592 495 639 dinariis,
524 593 603 631 five
628 589 768 628 exacto
790 584 872 642 jam
898 585 1177 639 quinquennio
1195 614 1208 635 ,
1241 584 1324 627 five

300 652 373 693 illo
387 652 514 692 adhuc
529 648 774 688 decurrente
790 669 803 691 ,
835 640 1014 685 eduntur
1031 642 1242 685 sententiae
1266 644 1326 685 in-

298 709 471 749 validam
485 704 742 748 declarantes
762 699 1050 745 Profeffionem
1064 729 1078 752 ,
1095 702 1326 756 Superiori-

302 768 374 808 bus
401 769 722 812 Conventuum,
754 761 793 802 in
820 761 960 815 quibus
985 759 1175 813 profeffio
1193 758 1327 802 emissa

299 825 402 875 fuit,
434 836 513 865 non
528 821 705 872 auditis3
738 821 793 862 Et
811 819 995 861 Tertium
1022 819 1199 874 denique
1224 818 1327 860 illud

298 883 379 934 est,
414 880 520 937 quod
536 880 602 937 ipsi
632 880 756 922 etiam
773 878 1007 932 Superiores
1039 876 1241 932 regulares
1264 876 1325 918 su-

300 954 374 996 per
399 939 538 983 asserta
557 939 749 981 nullitate
763 934 1015 978 Profeffionis
1030 963 1044 986 ,
1076 949 1152 978 nec
1168 936 1321 984 habito,

298 1013 375 1042 nec
404 999 594 1054 requisito
620 994 822 1039 Ordinarii
845 995 928 1036 loci
955 993 1107 1050 judicio
1139 994 1323 1049 aliquan·

297 1058 352 1098 do
376 1057 618 1100 sententiam
635 1052 901 1111 pronunciant
916 1067 927 1095 ε
943 1067 1028 1110 quae
1052 1052 1217 1107 quidem
1233 1067 1323 1095 om·-

297 1116 390 1164 nia5
422 1131 513 1158 cum
543 1114 683 1171 aperte
709 1123 968 1167 repugnent,
999 1125 1079 1154 non
1105 1111 1234 1156 solum
1253 1126 1325 1154 no-

298 1174 446 1217 tiffimae
478 1173 817 1217 Tridentinorum
847 1174 926 1214 PP.
971 1169 1216 1226 dispositioni
1240 1169 1325 1228 stab

300 1239 394 1290 Cap.
418 1246 483 1290 ¹9·
512 1233 606 1290 ὂψ.
637 1243 703 1278 25.
728 1230 772 1270 de
789 1231 978 1285 Regular.
1004 1229 1149 1272 verum
1171 1230 1328 1273 etiam„

298 1293 457 1334 iteratis
484 1295 611 1334 Sacrae
647 1288 764 1343 hujus
790 1289 1139 1345 Congregationis
1155 1286 1329 1330 Resolu-

301 1351 478 1393 tionibus
503 1378 516 1399 ,
549 1349 702 1389 idcirco
739 1346 1053 1389 deliberandum
1077 1348 1156 1390 erit
1184 1376 1198 1398 ,
1228 1345 1328 1403 quid

296 1408 419 1451 modo
437 1409 606 1448 statuere
621 1415 842 1459 oporteat,
873 1418 925 1447 ne
940 1405 1135 1461 deinceps
1152 1415 1212 1447 tot
1231 1419 1328 1447 con·

295 1465 493 1510 sultiffima
517 1468 697 1508 Decreta
713 1464 883 1519 amplius
899 1463 1106 1506 violentur
1122 1495 1134 1506 .

353 1527 404 1566 Et
424 1522 528 1571 san‘e,
544 1523 652 1578 quod
670 1523 818 1565 attinet
831 1523 881 1565 ad
898 1523 1178 1566 neceffitatem
1194 1523 1324 1579 impe-

284 1583 427 1630 ,trandi
458 1581 661 1625 tis-‘Sede
686 1582 983 1630 restitutionem
1013 1582 1050 1624 in
1079 1583 1324 1638 integrum..-

295 1643 378 1698 post
392 1641 566 1697 elapsum
589 1640 908 1697 quinquennium
931 1639 1034 1684 adie
1049 1641 1322 1692 Proseffionis,

297 1716 372 1744 non
399 1700 581 1742 obstante
609 1713 847 1755 quacunque
875 1698 1164 1743 consuetudine
1191 1728 1206 1753 ,
1236 1715 1321 1756 quae

294 1758 400 1801 sorte
426 1760 463 1800 in
490 1758 737 1802 contrarium
766 1759 903 1816 vigere
929 1757 1138 1800 diceretur
1166 1787 1180 1809 ,
1211 1758 1321 1815 quod

295 1819 404 1860 idern
430 1817 744 1873 quinquennium
778 1816 832 1858 ita
850 1816 1048 1859 continue>
1064 1816 1259 1860 decurrat
1274 1818 1323 1860 ab

296 1876 375 1932 ipsa
402 1877 540 1918 emissae
556 1874 809 1918 Profeffionis
838 1874 905 1916 die
923 1902 936 1924 ,
968 1885 1011 1916 ut
1028 1889 1243 1931 perperam
1270 1875 1320 1918 ad

293 1934 716 1991 impediendumillius
733 1934 891 1975 initium
908 1963 925 1984 ,
956 1934 1024 1976 vel
1042 1936 1323 1991 complemen*

297 2007 383 2037 tum
409 1992 610 2047 allegetur
635 1992 910 2048 perseveratio
925 1991 1062 2035 Causae
1088 1993 1252 2046 mettis,
1282 1995 1323 2035 &

299 2054 538 2107 impotentia
554 2051 829 2103 reclamandi,
860 2062 1008 2107 praeter
1020 2067 1066 2096 ea
1081 2082 1096 2104 ,
1127 2069 1212 2110 quae
1228 2066 1322 2095 cum

299 2111 385 2154 aliis
411 2111 671 2153 tradiderunt
708 2111 827 2154 Card.
854 2111 899 2152 de
933 2114 1034 2153 Luca
1059 2113 1103 2153 de
1131 2114 1319 2169 Regular.

296 2170 471 2226 dist-41.
492 2183 597 2211 num.
621 2183 682 2212 ιι.
696 2169 814 2227 sc'qq.
845 2170 892 2217 ὃ
920 2170 1105 2212 clericas.
1137 2171 1321 2230 Discord.

284 2228 442 2287 forensJ
468 2228 512 2268 dc
538 2229 723 2283 Regular.
749 2229 911 2286 discord.
939 2241 1006 2283 37.
1026 2238 1102 2284 per
1129 2239 1187 2272 tot
1203 2259 1218 2281 ,
1248 2242 1322 2272 ex·

295 2287 430 2343 presse
455 2285 679 2329 declaravit
709 2285 817 2329 sacer
855 2287 925 2329 iste
950 2286 1149 2332 consessus
1175 2294 1217 2331 in
1235 2292 1323 2331 Me-

299 2345 484 2387 chlinien.
516 2345 784 2401 Restitutionis
809 2348 850 2386 in
877 2350 1075 2401 integrum
1094 2378 1109 2399 ,
1140 2348 1206 2389 ubi
1240 2347 1318 2389 dis-

297 2404 442 2460 putatis
457 2402 613 2446 duobus
632 2404 738 2447 hisce
752 2404 880 2446 dubiis
895 2420 950 2444 z
965 2409 996 2447 1.
1013 2407 1077 2447 An
1093 2407 1318 2462 quinquen-

298 2463 408 2505 nium
424 2490 438 2512 ,
470 2462 572 2504 intra
591 2462 698 2518 quod
719 2462 935 2516 Regularis
955 2465 1206 2520 praetendens
1222 2469 1319 2508 Pro·

298 2520 502 2562 sessionem
519 2520 625 2562 suam
642 2520 753 2563 fuiffe
770 2521 938 2572 nullam,
952 2523 1081 2577 potest
1098 2538 1145 2565 ex
1159 2524 1319 2581 disposi-

301 2579 412 2619 tione
428 2580 536 2620 Sacri
553 2578 732 2621 Concilii
749 2578 980 2620 Tridentini
997 2581 1157 2632 audiri,
1172 2586 1211 2624 &
1223 2598 1320 2626 cau-

302 2635 363 2676 sas
403 2637 598 2689 praetensae
631 2634 830 2676 nullitatis
857 2649 995 2677 coram
1035 2639 1251 2684 Ordinatio
1282 2644 1320 2683 δε

301 2693 523 2747 Superiore
539 2693 659 2734 locali
689 2692 895 2746 allegare,
928 2696 1092 2750 incipiat
1123 2700 1163 2741 &
1189 2701 1316 2742 conti·

302 2753 384 2793 nuo
402 2759 536 2792 currat
562 2749 665 2791 adie
680 2749 932 2793 Profeffionis
957 2753 1096 2796 emissae
1112 2785 1127 2807 ‚
1163 2758 1227 2799 vel
1257 2758 1318 2798 so-

301 2809 385 2850 lum
403 2810 426 2852 ὲ
453 2807 520 2849 die
538 2807 718 2850 cessantis
742 2810 872 2853 mettis
888 2838 902 2860 ‚
935 2812 1000 2853 vel
1027 2814 1169 2856 sublati
1188 2817 1317 2872 impe-

301 2868 469 2909 dimenti
495 2895 509 2917 ,
540 2866 863 2919 autimpotentiae
889 2870 1164 2915 reclamandi?
1182 2891 1237 2916 z
1266 2878 1321 2918 Et

299 2935 494 2980 quatenus
524 2924 545 2965 zi
562 2925 628 2967 die
647 2924 898 2967 Profeffionis
918 2931 1001 2970 2:
1027 2932 1084 2971 11.
1101 2935 1167 2973 An
1184 2935 1322 2989 cogni-

302 2985 361 3025 tio
377 3010 390 3032 ,
420 2985 459 3023 &
484 2981 679 3024 concessio
695 2984 954 3028 restitutionis
973 2988 1012 3029 in
1029 2988 1230 3045 integrum
1247 2993 1317 3035 ad-

300 3038 437 3083 versus
454 3040 602 3097 lapsum
619 3042 878 3098 quinquennii
892 3045 1316 3101 competatOrdinario

302 3101 413 3151 loci,
443 3102 483 3140 δι
505 3099 696 3155 superiori
715 3103 863 3154 locali,
895 3104 959 3145 vel
974 3106 1108 3160 potius
1134 3107 1316 3153 sstreser-

306 3167 394 3221 vata
410 3158 501 3199 Sedi
519 3158 855 3213 Apostolicae?=
882 3164 962 3205 Sub
986 3164 1095 3206 diem
1125 3179 1188 3208 22.
1208 3171 1316 3210 Mar-

307 3223 353 3253 tn
381 3217 499 3261 1687.
526 3216 726 3271 respondit
752 3235 806 3260 Ξ
834 3221 900 3261 Ad
916 3224 948 3262 Ι.
964 3223 1314 3277 ῐηείρεῐεὲάὶι.»

309 3269 556 3313 Profeffionis
576 3301 586 3313 .
619 3276 683 3316 Ad
710 3280 764 3319 ll.
785 3292 864 3319 non
884 3279 990 3331 pofle
1016 3283 1212 3334 concedi,
1243 3298 1318 3326 nec

310 3328 489 3394 cognosci
514 3331 799 3377 restitutionem
828 3337 864 3377 in
881 3338 1082 3394 integrum
1104 3368 1118 3390 ,
1154 3342 1217 3384 nifi
1247 3340 1320 3397 ρει·

312 3385 458 3426 §edem
474 3387 740 3440 Apostolicam
754 3422 767 3445 ,
794 3409 871 3436 non
886 3397 1067 3440 obstante
1082 3413 1317 3454 quacunque

310 3443 596 3486 consuetudine
619 3454 822 3493 contraria
850 3469 905 3495 =
928 3465 973 3497 ut
996 3468 1042 3496 ex
1068 3457 1136 3499 lib.
1154 3473 1220 3513 37.
1239 3464 1319 3502 Dc-

307 3508 401 3539 trct-
419 3509 509 3553 pag.
531 3503 621 3549 165.

1127 180 1650 266 ‘Provincia

1394 297 1444 337 tis
1459 322 1473 344 a
1504 296 1564 337 uti
1579 291 1736 348 patebit
1752 289 1876 333 etiam
1890 302 1941 332 ex
1955 288 2160 346 aliquibus
2171 291 2340 336 inferius
2356 305 2420 334 re·-

1392 352 1602 396 censendis
1618 380 1631 392 .
2402 370 2406 374 ·

1447 410 1655 467 Qodque
1685 407 1847 449 demum
1875 409 2045 463 nequei
2072 407 2163 451 solis
2182 409 2416 467 Superiori-

1391 469 1461 511 bus
1479 466 1710 523 Religionis
1740 479 1789 507 ex
1806 479 2062 522 quocumque
2092 468 2227 521 capite
2243 479 2417 524 praeten-

1387 529 1432 569 sae
1457 525 1658 568 nullitatis
1685 523 1941 567 Profeslionis
1970 525 2076 567 ullus
2107 524 2231 568 semel
2258 525 2415 570 Profes-

1387 584 1448 627 sus
1478 582 1862 640 possitaReligione
1892 583 2014 640 ejici,
2047 583 2113 626 vel
2135 583 2318 636 dimitti,
2343 593 2415 625 ex-b·

1389 643 1532 699 plicite
1566 642 1702 684 statuit
1730 642 1875 685 eadem
1915 645 2035 685 Sacra
2063 644 2345 698 Congregatio
2371 642 2414 683 in

1388 716 1467 744 una
1498 704 1768 744 Eremitarum
1797 701 2148 759 Camaldulenst'um
2181 698 2417 759 Profiffionis

1389 764 1431 803 in
1459 773 1538 815 qua
1565 759 1776 815 propositis
1803 760 1934 802 dubiis
1961 791 1974 802 .
2011 763 2048 803 1.
2077 765 2169 812 An,
2204 761 2230 800 fi
2255 757 2417 815 quando

1388 819 1696 873 comperiatur,
1724 819 1938 862 Novitium
1969 834 2020 862 ex
2047 819 2203 876 praescri
2236 826 2280 860 to
2299 820 2414 860 Con-

1386 876 1602 920 stitutionis
1618 877 1912 932 interrogatum
1937 878 2127 922 adversus
2153 878 2193 933 ip
2213 891 2274 920 am
2298 889 2415 917 com-

1384 935 1524 978 misisse
1551 964 1566 987 ,
1599 935 1938 990 impedimentum
1966 936 2216 980 occultando
2244 965 2259 988 ,
2293 932 2412 991 poffit

1385 996 1494 1038 idem
1522 994 1710 1037 Novitius
1735 994 1820 1049 post
1842 992 2017 1037 emissam
2033 994 2320 1039 Profectionem
2335 1006 2407 1047 per

1386 1052 1650 1109 Superiorem
1667 1053 1849 1108 expelli?
1874 1055 1929 1096 11.
1944 1055 2008 1095 An
2034 1055 2134 1096 vero
2157 1054 2196 1095 in
2223 1053 2296 1094 hac
2313 1051 2404 1094 fasti

1385 1125 1550 1169 quoque
1566 1111 1698 1167 specie
1721 1111 1915 1154 servanda
1931 1113 1976 1155 fit
1991 1110 2120 1154 forma
2136 1110 2305 1154 Decreti
2331 1109 2407 1151 in..

1391 1181 1475 1227 cap.
1501 1185 1514 1212 ι
1522 1185 1562 1227 9.
1590 1170 1684 1228 Sqffi
1700 1183 1769 1220 ας.
1794 1171 1838 1212 de
1870 1172 2057 1226 Regular.
2084 1170 2152 1213 die
2181 1183 2248 1223 23.
2267 1169 2417 1224 Janua·

1391 1231 1440 1273 rii
1463 1229 1586 1271 1666.
1601 1229 1808 1285 respondit
1834 1244 1890 1270 z:
1917 1228 2030 1273 Posse
2044 1229 2195 1284 expelli
2211 1256 2225 1279 ‚
2250 1227 2316 1270 sed
2331 1226 2416 1269 ser·

1391 1288 1487 1332 vata
1513 1285 1643 1330 forma
1659 1287 1827 1331 Decreti
1855 1290 1967 1332 Sacri
1982 1288 2158 1331 Concilii
2180 1289 2222 1328 in
2244 1297 2328 1341 cap.
2349 1299 2413 1342 ¹9.

1390 1347 1485 1405 Sff
1505 1359 1572 1395 25.
1598 1347 1651 1390 de
1677 1347 1898 1402 Regulam,
1924 1358 1968 1391 ut
1993 1362 2039 1389 cx
2068 1347 2137 1389 lib.
2166 1350 2322 1388 Decret.
2346 1355 2412 1391 25.

1378 1406 1461 1465 fol.
1483 1409 1543 1448 18.
1572 1409 1610 1448 &
1634 1406 1742 1461 prius
1759 1419 1905 1460 nempe
1931 1406 2001 1449 sub
2025 1420 2170 1449 annum
2192 1406 2314 1458 1653.
2341 1402 2412 1444 die

1390 1477 1454 1513 15.
1483 1465 1730 1507 Novembris
1759 1463 1945 1507 formiter
1969 1495 1984 1516 ‚
2021 1479 2067 1506 ac
2101 1465 2181 1507 lata
2217 1458 2411 1516 assumpta

1385 1523 1501 1580 hujus
1532 1523 1710 1566 Articuli
1732 1522 2004 1578 disputatione
2030 1525 2069 1565 in
2099 1523 2271 1579 quadam
2301 1524 2411 1564 Nea-

1383 1583 1563 1639 politana
1576 1608 1591 1631 a
1612 1582 1753 1625 audito
1770 1585 2042 1626 Procuratore
2057 1582 2285 1636 Religionis
2304 1581 2415 1621 Car-1

1383 1642 1616 1684 melitarum
1644 1639 1990 1685 Discalceatorum
2018 1638 2274 1684 S.Theresiae
2299 1651 2373 1680 ore
2391 1661 2409 1686 2

1382 1703 1423 1743 &
1437 1700 1615 1754 scriptis,
1631 1713 1704 1743 nec
1721 1713 1800 1741 non
1815 1700 2182 1743 Constitutionibus
2195 1697 2305 1740 dieta:
2319 1698 2418 1739 Re-.

1385 1759 1544 1815 ligionis
1560 1787 1574 1811 ,
1602 1773 1650 1802 ac
1675 1758 1763 1801 aliis
1776 1757 1959 1802 dedut‘tis
1982 1759 2138 1802 mature
2167 1755 2365 1814 perpensis
2386 1781 2421 1805 „

1384 1819 1572 1869 censuit,
1612 1816 1855 1861 dimisiiones
1882 1820 1923 1860 δι
1956 1817 2178 1872 ejectiones
2206 1811 2408 1859 Profeffo-

1387 1893 1477 1921 rum
1500 1879 1523 1920 a
1541 1877 1793 1932 Religione,
1829 1891 1914 1932 quae
1943 1877 1995 1918 ab
2018 1876 2161 1920 eadem
2187 1874 2411 1930 Religione

1383 1937 1485 1980 fiunt
1522 1950 1574 1978 ex
1617 1935 1751 1990 capite
1785 1934 2054 1991 illegitimatis
2081 1965 2095 1987 ,
2137 1934 2204 1977 vel
2245 1947 2295 1976 ex
2329 1931 2411 1974 alio

1383 1995 1543 2041 defectu
1571 2023 1586 2046 ,
1617 1993 1707 2036 fieri
1729 1993 1883 2036 debere
1908 1993 2151 2049 conjunctim
2180 1992 2414 2036 coramOr-.

1382 2055 1541 2098 dinatio
1567 2055 1608 2096 δε
1631 2052 1850 2109 Superiore
1876 2054 2075 2107 Regulari
2118 2052 2197 2094 loci
2226 2051 2274 2094 ad
2302 2062 2403 2106 prae-

1383 2112 1576 2171 scriptum
1588 2117 1631 2157 S.
1649 2111 1826 2154 Concilii
1843 2121 1926 2167 cap.
1943 2112 2168 2170 19.Seffi25.
2193 2110 2246 2152 de
2263 2111 2400 2162 Regu-

1385 2173 1462 2216 lar.
1478 2173 1661 2228 Ideoque
1689 2171 1928 2213 sententiam
1955 2185 2045 2212 cum
2075 2168 2258 2214 Processu
2284 2168 2401 2221 super

1385 2231 1606 2274 dimissione
1636 2232 1674 2271 &
1704 2228 1902 2281 ejet‘tione
1931 2229 2080 2272 Fratris
2104 2228 2245 2270 Caroli
2274 2226 2410 2270 Mariae

1383 2292 1404 2333 a
1421 2288 1513 2333 Iesu
1539 2289 1590 2332 ab
1617 2288 1705 2345 ipsis
1722 2289 1995 2344 Regularibus
2016 2289 2140 2330 latam
2165 2285 2328 2328 minime
2343 2286 2407 2327 su·

1389 2350 1527 2392 ssineri
1545 2378 1560 2401 ,
1582 2357 1626 2389 ut
1642 2346 1836 2391 hiscemet
1851 2348 1983 2390 verbis
1997 2346 2241 2401 descriptum
2259 2345 2408 2400 legitur

1388 2409 1426 2450 in
1443 2408 1512 2452 lib.
1539 2422 1551 2449 ι
1560 2421 1602 2463 9.
1621 2412 1781 2450 Decret.
1801 2417 1896 2462 pag.
1911 2408 2005 2449 282.

1440 2465 1667 2510 Recentius
1694 2467 1796 2508 vero
1830 2467 2019 2508 nimirum
2049 2463 2117 2506 die
2139 2476 2200 2506 ιο.
2228 2462 2402 2506 Ianuarii

1389 2539 1507 2583 1733.
1539 2526 1578 2567 in
1605 2525 1787 2567 terminis
1813 2524 1980 2580 praecisis
2006 2522 2248 2565 Dimiffionis
2272 2519 2405 2578 cujus-

1383 2587 1477 2627 dam
1509 2584 1742 2627 Sacerdotis
1769 2582 1985 2637 Regularis
2012 2581 2118 2623 fausta:
2143 2580 2409 2637 &Superiori-

1383 2645 1454 2687 bus
1474 2643 1701 2698 Religionis
1717 2643 1754 2683 in
1770 2641 1917 2693 Regno
1932 2640 2075 2685 Siciliae
2091 2640 2218 2692 ,datae
2241 2639 2407 2682 fuerunt

1382 2701 1703 2757 Archiepiscopo
1731 2702 2024 2744 Panormitano
2044 2699 2171 2747 literae
2197 2698 2310 2757 hujus
2337 2708 2402 2739 te-

1380 2763 1490 2804 noris
1516 2776 1572 2801 z:
1610 2760 1811 2816 Proposita
1814 2761 1964 2814 pluries
1980 2760 2022 2801 in
2036 2758 2107 2799 bac
2117 2761 2404 2813 s.Cong.Conc.-

1383 2821 1579 2878 instantia
1591 2819 1806 2861 Sacerdotis
1821 2819 2024 2877 Francisct
2040 2821 2192 2859 Leanza
2202 2845 2216 2868 ,
2231 2821 2301 2871 qm·
2314 2818 2404 2858 olim

1382 2882 1458 2922 Pro
1449 2878 1573 2938 flffi'n
1591 2883 1634 2920 t'n
1660 2879 1858 2933 Religiane
1871 2878 2066 2922 Fratrum
2086 2879 2286 2920 Minor-um
2304 2879 2403 2918 Con-

1381 2937 1622 2981 ventualium
1655 2941 1695 2979 S.
1712 2937 1914 2992 Francifii
1938 2938 1982 2978 de
2006 2948 2105 2976 anno
2127 2946 2243 2989 1730.
2271 2933 2321 2975 ab
2335 2946 2402 2974 ea·-

1378 2997 1461 3038 dem
1485 2997 1682 3051 Religiene
1706 3005 1778 3050 per
1795 2997 1934 3052 solam*
1959 2997 2210 3049 Superiorum
2230 2991 2397 3048 finten-

1376 3059 1477 3097 tiam
1492 3084 1507 3108 ,
1531 3055 1676 3111 absque
1689 3058 1915 3096 interventu
1930 3081 1945 3103 ‚
1968 3049 2175 3110 &judicio
2192 3049 2398 3092 Ordinarit‘

1377 3113 1422 3153 ob
1440 3114 1615 3155 morbum
1636 3140 1650 3162 ,
1675 3125 1776 3166 quo,
1799 3123 2010 3167 antequam
2027 3110 2284 3166 profiteretur
2298 3139 2313 3163 ,
2338 3110 2401 3151 la.n

1378 3172 1546 3213 berabat
1560 3199 1574 3222 ,
1605 3173 1736 3225 vigore
1750 3200 1764 3221 ,
1797 3181 1843 3213 ut
1871 3169 2111 3228 ffrebatur
2125 3198 2139 3220 ,
2164 3167 2402 3226 Apostolico-

1378 3244 1468 3272 rum
1509 3228 1834 3279 constitutionum
1864 3260 1879 3282 ,
1922 3230 1970 3277 ἐς
1996 3228 2221 3285 praest’rtim
2259 3231 2298 3269 S.
2331 3229 2395 3269 M.

1378 3287 1529 3330 Urbani
1552 3290 1653 3330 VIII.
1687 3286 1858 3345 dimffls
1875 3299 2006 3344 preces
2036 3291 2216 3345 porrexit
2234 3295 2310 3341 pro
2321 3282 2399 3340 fa-

1378 3348 1526 3389 cultate
1552 3345 1713 3402 Mzffam
1739 3347 1956 3389 celebrandi
1986 3347 2029 3389 in
2043 3346 2160 3402 statu
2182 3343 2397 3385 Sacerdotis

1379 3408 1572 3446 Secularis
1586 3434 1599 3456 ,
1624 3405 1915 3463 Eminentiffimi
1943 3409 2009 3446 PP.
2022 3406 2176 3459 pluries
2197 3412 2396 3455 quaque-³

1378 3465 1512 3504 audito
1543 3467 1796 3506 Procuratore
1819 3463 2005 3507 Generali
2019 3463 2175 3505 Ordinis
2198 3486 2212 3509 ,
2237 3459 2396 3500 deman-

1378 3521 1525 3563 darunt
1559 3526 1737 3564 Oratoris
1761 3524 1931 3566 reditum
1966 3524 2016 3563 ad
2042 3516 2221 3563 Claustra
2236 3545 2250 3567 a
2280 3517 2391 3573 ’ΜΡ

367 3559 462 3622 Qo,
477 3560 574 3598 verb
600 3560 849 3614 adjudicium
875 3572 990 3625 super
1004 3572 1194 3618 nullitate
1210 3581 1313 3621 Pro·
1359 3578 1523 3634 stimpto
1553 3580 1704 3622 Habita
1725 3611 1738 3633 ,
1769 3593 1814 3624 ut
1845 3581 1979 3623 deinde
2004 3579 2120 3634 causa
2143 3573 2285 3632 ἅψαι]
2305 3576 2396 3631 pos-¹-

309 3613 483 3679 fessionis
508 3618 671 3679 omnino
686 3621 912 3668 faciendum
940 3630 990 3671 ab
1003 3632 1219 3678 Ordinatio
1235 3637 1313 3678 loci

308 3673 556 3722 conjunc‘iim
579 3688 669 3715 cum
695 3683 895 3734 Superiori
924 3686 1068 3740 locali,
1097 3706 1159 3734 res
1186 3694 1240 3735 est
1265 3695 1314 3735 ab

309 3730 383 3770 hoc
399 3728 506 3771 sacro
520 3733 665 3775 senatu
679 3739 915 3791 quotidianis
930 3745 1316 3808 imperataRescrip·

1361 3638 1429 3695 fit
1465 3641 1569 3679 c1'rca
1602 3640 1839 3696 praetensbm
1877 3640 2098 3681 nullitatem
2131 3633 2366 3691 profcfflonis
2382 3662 2396 3685 ,

1373 3710 1418 3735 ac
1445 3698 1607 3738 ulterius
1636 3700 1746 3740 Patri
1774 3696 1958 3752 Ministro
1979 3696 2166 3737 Gener-ale·
2188 3693 2395 3750 cjufflvh

1375 3755 1531 3798 ordinis
1559 3754 1839 3813 injungendum
1865 3756 2063 3800 duxerunt
2086 3781 2100 3806 ,
2136 3762 2182 3796 ut
2212 3753 2276 3854 ded
2285 3765 2394 3799 manq

2275 3820 2338 3853 ato
