2664 4114
941 239 1093 352 Hy
1115 237 1630 336 ‹irum-tina.

223 354 460 398 facultatem
476 352 707 411 impartiri,
738 352 1041 408 Testatorisque
1073 356 1259 400 volunta-

222 426 306 456 tem
323 414 454 469 quoad
480 416 560 456 haec
584 427 839 456 commutare
860 413 1150 467 digneminide
1164 429 1264 469 grat*

223 476 279 515 tia
302 472 492 527 speciali,
518 488 599 514 non
623 473 866 514 obstantibus
888 471 1036 513 eadem
1065 473 1258 515 volunta-

219 542 262 574 te
274 560 289 583 ,
301 530 470 587 aliisque
486 531 698 587 praenimis,
710 534 749 572 &
764 531 966 586 quibusvis
982 532 1258 575 Constitutio-

218 593 335 633 nibus
349 621 363 642 ‚
379 593 419 632 δι,
434 591 765 633 Ordinationibus
781 588 1024 643 Apostolicis
1037 590 1255 647 ‚dcoeterisl

217 663 298 706 que
325 652 535 694 contrariis
560 647 886 707 quibuscunque.

274 771 412 814 FIAT
441 770 518 810 UT
540 769 768 810 PETITUR
804 770 841 811 V.
874 767 975 824 (vel
1008 772 1117 825 Hugo
1147 769 1255 810 itan-³

329 828 431 869 enim
457 826 672 868 vocabatur
698 836 791 867 ante
822 829 942 880 suam
965 829 1021 869 ad
1051 828 1255 884 Pontifica-

327 897 414 949 tum
439 888 717 929 exaltationem
742 889 958 942 Gregorius
984 889 1128 945 XIII.)

230 1042 232 1046 .
270 1006 327 1048 Et
363 1018 456 1047 cum
493 1002 749 1047 absolutione
787 1006 811 1050 a
838 1003 1016 1048 censuris
1058 1004 1107 1047 ad
1152 1001 1253 1044 effe-

211 1067 322 1107 stum
334 1065 416 1105 &c-
447 1061 500 1104 de
516 1063 682 1105 licentia
698 1092 711 1115 ‚
728 1061 925 1107 facultate
938 1091 951 1112 2
967 1059 1221 1107 conceffione
1236 1086 1250 1110 ,

211 1123 567 1174 commutatione,
585 1121 754 1179 aliisque
763 1121 976 1177 praemissis,
996 1133 1040 1164 ut
1055 1121 1195 1175 supra,
1208 1118 1247 1160 in

213 1180 345 1225 forma
361 1180 537 1237 gratiosa
546 1182 624 1225 &m
648 1183 686 1222 ἃ
703 1195 797 1223 cum
811 1190 1040 1236 opportuno
1054 1209 1068 1232 ‚
1095 1179 1121 1220 fi
1139 1177 1248 1220 vide.

211 1242 321 1283 bitur
333 1268 348 1289 ,
366 1239 580 1294 Indicum,
604 1241 645 1280 &
662 1241 935 1283 Executorum
950 1238 1217 1294 deputatione
1231 1262 1246 1284 ‚

212 1300 283 1354 qui
307 1295 475 1341 affistant
497 1311 585 1339 cum
614 1297 814 1354 potestate
842 1300 922 1340 διε.
939 1302 1017 1342 &c.
1052 1300 1107 1341 Et
1133 1309 1247 1346 com-¹

212 1359 395 1401 mittatur
412 1354 629 1398 Ordinatio
642 1385 654 1398 .

265 1418 407 1460 Romae
435 1413 538 1469 apud
566 1418 607 1458 S.
626 1417 794 1472 Petrum
812 1417 938 1460 tertio
950 1416 1042 1460 Kal.
1060 1415 1243 1458 Februa—

322 1473 374 1516 rii
387 1475 504 1517 Anno
517 1486 585 1516 xr.

911 1537 1054 1579 FIAT
1086 1536 1125 1577 V.

266 1651 480 1706 Exemplar
505 1650 695 1694 Authent.
727 1655 770 1695 ἔκ
794 1654 965 1696 Archivo
1000 1651 1242 1699 Provincia,

325 1710 378 1776 φ’
404 1708 562 1753 ordinis
576 1714 792 1762 ,At-mario
814 1713 1029 1758 Provincia
1043 1710 1243 1768 Hydrun-

324 1778 410 1812 tina
425 1796 439 1810 .

207 2007 394 2056 Litteris
423 2004 673 2056 Pontificiis
688 2041 709 2065 ,
739 2006 802 2056 ob
829 2021 1030 2058 mortem
1053 2008 1242 2057 Archie-

275 2076 452 2146 piscopi
483 2076 783 2142 Hydruntini
819 2081 1079 2128 executioni
1109 2095 1249 2128 non-,-

277 2149 394 2196 datis
412 2182 427 2204 ,
458 2148 646 2198 Vicat-io
666 2152 887 2200 Generali
915 2148 1242 2205 Nerithonenst

278 2218 392 2266 hanc
420 2217 712 2283 committit„

211 2345 600 2398 SIXTUS
674 2348 1242 2400 EPISCOPUS

467 2474 614 2515 Servus
640 2472 851 2518 servorum
876 2477 955 2519 Dei
966 2503 980 2517 .

267 2590 423 2633 Dileno
451 2591 556 2633 Ftlio
582 2591 730 2634 Vicareo
763 2595 849 2643 Vm.
878 2595 1038 2639 Fratris
1061 2592 1182 2650 nostri

325 2650 504 2707 Episcopi
516 2651 770 2692 Nerithonen.
790 2655 831 2693 in
840 2651 1126 2709 spiritualibus

382 2708 744 2762 Generalisblutcm
761 2710 1076 2767 &Apostolicam

558 2769 866 2811 Benedifflioncm
884 2801 898 2812 .

345 2881 481 2925 Udum
511 2882 705 2939 siquidem
733 2884 802 2927 fel.
820 2884 1025 2928 recordat.
1041 2881 1247 2937 Gregorio

363 2945 438 2984 FP.
454 2944 574 2983 XIII.
592 2944 873 2986 Praedeceffori
888 2944 1023 2985 nostro
1041 2957 1113 2997 pro
1132 2950 1246 2995 parte

206 3002 359 3042 Diieeti
378 3001 464 3042 Filii
487 3003 648 3056 Joannis
666 3002 718 3044 de
739 3004 944 3045 Montibus
959 3030 973 3052 ‚
999 3000 1246 3044 Mar-chionis

208 3059 341 3101 Castri
368 3060 421 3101 de
434 3059 649 3103 Coriliano
662 3088 675 3110 2
694 3057 943 3116 Hydruntin.
959 3063 1093 3103 Dioec.
1110 3071 1248 3112 expo-

209 3114 284 3162 fit6
300 3146 313 3167 ,
325 3118 502 3173 qualiter
517 3121 720 3174 quondam
733 3123 911 3176 Joannes
929 3119 1098 3173 Baptista
1114 3118 1242 3158 etiam

210 3175 263 3218 de
279 3178 484 3219 Montibus
508 3177 572 3232 pia
585 3178 812 3221 devotione
829 3179 968 3221 duetus
984 3205 997 3227 a
1016 3177 1242 3232 priusquam

212 3233 462 3276 occubuiffet
477 3264 493 3286 ,
506 3250 626 3279 unum
639 3238 932 3280 Monasterium
945 3238 983 3278 in
1000 3238 1094 3279 loco
1111 3237 1244 3277 §.Ma-

210 3293 281 3334 riae
304 3305 536 3347 nuncupato
553 3297 681 3337 Castri
697 3324 710 3346 ‚
724 3298 763 3336 &
780 3297 914 3338 Dioec.
933 3297 1214 3350 praediftorum
1230 3320 1245 3345 ,

213 3352 255 3394 in
269 3366 350 3407 quo
367 3365 450 3393 tres
467 3353 533 3394 vel
548 3367 591 3406 4.
605 3355 840 3408 Presbyteri
853 3356 986 3396 Graeci
1000 3356 1037 3396 in
1054 3355 1134 3395 illis
1151 3366 1243 3406 par-

210 3411 322 3454 tibus
349 3411 519 3453 Calocri
548 3415 764 3467 nuncupati
789 3412 1014 3467 degerent,
1038 3413 1173 3468 ibique
1201 3411 1240 3452 in

212 3471 371 3512 Divinis
397 3472 594 3513 continuo
620 3471 871 3514 deservirent
888 3485 984 3527 ‚per
998 3470 1242 3525 quondam

213 3529 467 3571 franciscum
495 3529 582 3585 ejus
611 3531 930 3586 primogenitum
962 3529 1135 3573 construi
1158 3557 1172 3579 ,
1203 3529 1243 3568 δε

214 3585 400 3629 aedificari
417 3588 546 3631 voluit
564 3618 580 3640 ‚
603 3600 722 3646 atque
738 3590 971 3642 mandavit3
993 3588 1243 3644 postmodum

215 3648 316 3687 vero
338 3646 449 3688 dieto
475 3645 713 3697 Francisco‚
737 3648 821 3705 ejus
847 3652 1000 3700 Patre,
1030 3648 1244 3689 voluntate

213 3703 382 3745 minime
408 3708 640 3751 executioni
665 3707 912 3750 demandata
931 3736 945 3758 ,
980 3707 1061 3748 vita
1080 3704 1245 3754 funfflo,

214 3761 421 3817 praediftus
438 3766 609 3822 Joannes
627 3795 642 3818 ‚
654 3767 720 3822 qui
735 3767 830 3808 dicti
847 3765 1046 3809 Francisci
1062 3764 1147 3819 ejus
1162 3766 1244 3827 Ge—

212 3819 357 3864 nitoris
371 3821 655 3869 haereditatem
680 3839 758 3868 aere
775 3826 912 3870 alieno
927 3835 1141 3881 gravatam
1155 3821 1243 3875 adi-3

1318 358 1376 400 vit
1393 387 1407 410 ‚
1434 358 1520 415 ejus
1538 360 1668 403 Patris
1695 360 1966 417 obligationi,
1994 284 2353 420 difliqueJoZnis

1315 418 1519 460 voluntati
1546 418 1777 464 satisfacere
1806 421 2064 472 deiiderans,
2090 424 2225 464 eidem
2247 428 2357 466 prse-

1318 474 1515 519 decessori
1538 479 1671 520 nostro
1694 478 1908 534 supplicari
1925 480 2024 523 fecit
2041 493 2267 536 ,quatenus
2285 484 2355 526 {ibi

1319 549 1437 577 unam
1455 537 1704 590 Regularem
1725 542 1895 580 Domum
1922 549 1961 582 ὁ.
1978 541 2164 582 Antonio
2197 544 2250 584 de
2272 545 2356 584 Pa-

1317 593 1397 635 dua
1434 604 1669 648 nuncupato
1700 596 1915 639 dicandam
1939 626 1953 649 ‚
1989 613 2067 639 non
2107 610 2244 641 tamen
2277 601 2351 643 in.)

1314 654 1361 693 Β.
1379 654 1513 693 Mariae
1529 650 1782 706 hujusmodi,
1799 654 1866 696 sed
1884 658 1922 698 in
1941 657 2023 699 alio
2040 656 2106 699 fibi
2121 659 2226 701 bene
2241 658 2326 702 viso
2339 686 2354 709 ‚

1314 711 1355 750 &
1370 710 1652 752 commodiore
1670 710 1763 753 loco
1775 713 1882 756 intra
1898 717 1936 754 8.
1952 731 2075 758 annos
2097 729 2193 759 tunc
2212 718 2352 772 proxi-

1316 768 1381 809 me
1398 766 1554 810 futuros
1572 782 1647 821 pro
1663 768 1747 819 usu,
1760 773 1800 814 &
1817 774 2068 816 habitatione
2087 777 2200 818 unius
2217 778 2351 818 Guar-

1313 827 1453 877 diam,
1481 829 1518 868 δι
1534 827 1708 883 aliorum
1729 826 1878 871 saltem
1906 831 2051 873 decem
2069 836 2255 876 Fratrum
2272 834 2353 878 Mi-

1314 899 1462 928 norum
1481 885 1785 941 Capucinorum
1799 900 2122 942 nuncupatorum
2139 892 2351 944 construi,

1313 946 1353 985 &
1377 942 1566 986 aedificari
1594 943 1773 986 faciendi
1807 946 2014 989 licentiam
2039 950 2079 988 &
2109 948 2351 994 facultatem

1314 1002 1548 1046 concedere
1567 1002 1806 1058 dignaretur
1819 1032 1832 1056 ‚
1858 1004 1968 1047 idem
1986 1007 2256 1052 Praedeceisor
2276 1012 2352 1052 hu..

1310 1061 1483 1118 jusmodi
1508 1061 2128 1118 supplicationibusinclinatus,
2159 1066 2231 1109 sub
2263 1071 2349 1111 Da-

1312 1131 1400 1162 tum
1424 1119 1619 1164 videlicet
1643 1122 1773 1165 tertio
1789 1123 1994 1166 Kalendas
2011 1125 2220 1168 Februarii
2237 1129 2348 1169 Pon-

1309 1178 1490 1222 tificat-fis
1519 1177 1579 1224 sui,
1604 1182 1726 1224 Anno
1747 1196 1814 1224 xt-
1851 1184 1957 1226 Ven.
1981 1184 2116 1226 Fratri
2144 1185 2347 1241 Episcopo

1307 1239 1584 1294 Hydruntino
1607 1240 1741 1284 voluit
1756 1268 1770 1288 2
1800 1242 1841 1282 &
1866 1242 2059 1286 conceffit
2074 1242 2161 1284 dari
2177 1244 2217 1283 in
2233 1258 2348 1285 man·

1305 1297 1439 1347 datis,
1471 1307 1673 1355 quatenus
1700 1300 1837 1342 eidem
1857 1302 2004 1356 Joanni
2022 1303 2346 1356 unam—Regula-

1305 1370 1391 1399 rem
1405 1360 1584 1400 Domum
1598 1358 1639 1400 in
1656 1358 1738 1401 alio
1750 1359 1918 1414 praefatae
1941 1362 1981 1402 S.
1999 1362 2137 1405 Mariae
2161 1374 2345 1402 commo-

1303 1415 1450 1463 diore2
1476 1418 1514 1458 δι
1530 1416 1597 1458 fibi
1615 1418 1720 1459 bene
1740 1417 1822 1460 viso
1839 1418 1932 1460 loco
1955 1433 2031 1476 pro
2046 1419 2112 1462 usu
2128 1450 2144 1471 ‚
2167 1420 2203 1460 &
2226 1420 2342 1461 habi-

1305 1475 1464 1518 tatione
1489 1475 1602 1517 unius
1630 1476 1884 1526 candiani,
1912 1478 1950 1518 &
1980 1478 2122 1522 saltem
2153 1477 2340 1521 decem-2

1304 1535 1488 1577 Fratrum
1505 1533 1671 1577 Ordinis
1689 1533 1916 1593 hujusmodi
1934 1538 2139 1588 construi,
2164 1538 2204 1578 &
2218 1537 2342 1580 aedifi·

1307 1594 1388 1636 cari
1410 1591 1586 1635 faciendi
1610 1593 1819 1637 licentiam
1847 1596 1886 1635 &
1906 1592 2152 1641 facultatem
2169 1597 2344 1651 Aposto-

1304 1652 1384 1694 lica
1398 1652 1658 1695 Auctoritate
1673 1652 1926 1695 concederet
1945 1682 1958 1705 ‚
1986 1665 2107 1711 prout
2129 1656 2171 1696 in
2195 1655 2342 1697 nostris

1303 1710 1402 1754 inde
1427 1709 1621 1754 confeetis
1639 1712 1793 1754 litteris
1827 1711 1955 1765 (cum
1972 1715 2100 1756 dinus
2117 1713 2345 1756 Praedeces-

1303 1769 1396 1823 sor,
1424 1780 1638 1824 antequam
1669 1770 1757 1828 ejus
1773 1771 1920 1814 litterae
1936 1771 2266 1825 conficerentur,
2297 1772 2344 1814 fi-

1304 1840 1376 1873 cut
1410 1829 1585 1872 Domino
1611 1829 1803 1885 placuit,
1836 1831 1957 1873 rebus
1986 1832 2173 1877 humanis
2208 1828 2342 1875 fuisset

1305 1889 1569 1947 exemptus.)
1602 1887 1760 1945 plenius
1784 1890 2053 1935 continetur.

1362 1952 1469 1991 Cum
1507 1959 1674 1997 autem,
1702 1957 1825 2004 prout
1853 1950 1998 1992 eadem
2027 1948 2225 2006 expositio
2252 1950 2348 1993 sub-'

1302 2005 1525 2065 jungebat,
1558 2006 1931 2062 Archiepiscopalis
1960 2009 2223 2065 Hydruntina
2244 2018 2343 2054 tunc

1306 2066 1471 2110 Pastore
1485 2075 1649 2108 careret
1663 2094 1677 2118 ‚
1704 2067 1742 2107 &
1758 2066 1890 2107 adhuc
1911 2067 1961 2109 ad
1989 2067 2158 2122 praesens
2178 2078 2343 2120 careat,

1301 2141 1378 2182 pro
1408 2133 1526 2180 parte
1556 2124 1652 2166 dicti
1676 2125 1840 2181 Joannis
1864 2125 1998 2169 Nobis
2027 2126 2103 2169 fuit
2133 2127 2346 2170 humiliter

1306 2185 1575 2239 supplicatum
1591 2212 1603 2235 ,
1618 2193 1818 2240 quatenus
1834 2184 1904 2226 fibi
1918 2186 1957 2227 in
1976 2185 2175 2242 praemiffis
2191 2200 2345 2242 oppor-

1307 2244 1406 2285 tune
1437 2242 1653 2295 providere
1673 2242 1727 2284 de
1754 2242 2014 2301 benignitate
2030 2244 2262 2303 Apostolica
2280 2246 2343 2287 di-

1306 2314 1547 2357 gnaremur.

1363 2360 1450 2400 Nos
1465 2359 1587 2413 igitur
1603 2359 1828 2415 hujusmodi
1845 2361 2206 2419 supplicationibus
2222 2362 2336 2406 incli.

1303 2417 1385 2459 nati
1406 2417 1650 2460 Discretioni
1667 2421 1780 2470 Tuae,
1796 2420 1872 2462 Fili
1891 2421 2070 2470 vicarie,
2085 2422 2152 2476 qui
2166 2422 2341 2465 Civitati

1303 2476 1572 2529 Hydruntinae
1587 2504 1601 2526 ,
1632 2485 1677 2518 ut
1692 2471 1878 2531 praefatus
1891 2481 2066 2535 Joannes
2081 2476 2243 2530 asserit-2,
2272 2482 2343 2524 vi-

1303 2534 1434 2576 cinior
1449 2534 1580 2575 existis
1596 2562 1610 2584 ,
1638 2547 1710 2588 per
1736 2536 1971 2590 Apostolica
1988 2536 2146 2591 Scripta
2177 2538 2343 2580 manda—

1300 2606 1392 2633 mus
1409 2621 1422 2644 ,
1447 2602 1644 2648 quatenus
1660 2620 1674 2643 ‚
1691 2591 1716 2634 fi
1729 2622 1743 2644 ,
1757 2595 1796 2634 &
1811 2595 2018 2651 postquam
2032 2595 2225 2650 praedisstae
2245 2596 2335 2638 Lit—

1301 2660 1396 2692 terae
1413 2652 1505 2693 Tibi
1536 2665 1610 2707 pro
1641 2662 1756 2705 parte
1779 2652 1875 2694 dini
1897 2655 2062 2711 Joannis
2090 2654 2338 2710 praesentatae

1302 2707 1455 2752 fuerint
1474 2709 1547 2761 ‚ad
1565 2709 1728 2753 illarum
1748 2715 2032 2756 executionem
2059 2712 2214 2756 servata
2239 2715 2339 2756 alias

1304 2766 1434 2810 forma
1456 2767 1724 2819 earumdem,
1751 2772 1949 2825 procedas
1970 2797 1984 2820 ³
2014 2773 2052 2814 in
2084 2774 2270 2816 omnibus
2297 2775 2338 2814 δε

1306 2841 1380 2882 per
1406 2831 1571 2873 omnia,
1598 2827 1768 2883 perinde
1794 2857 1809 2879 ‚
1830 2843 1876 2871 ac
1902 2830 1928 2872 fi
1954 2830 2034 2874 illae
2057 2831 2151 2874 Tibi
2175 2831 2340 2874 direnae

1308 2882 1466 2927 fuissent
1480 2911 1496 2925 .
1525 2887 1620 2927 Non
1645 2885 1894 2930 obstantibus
1910 2890 2110 2942 praemiffis
2126 2917 2139 2938 ‚
2162 2904 2207 2931 ac
2222 2894 2338 2933 Con-

1308 2942 1580 2987 stitutionibus
1596 2971 1611 2993 ,
1646 2945 1683 2985 &
1712 2945 2047 2989 ordinationibus
2061 2948 2306 3001 Apostolicis
2321 2977 2335 2999 ‚

1308 3014 1467 3044 necnon
1483 3001 1668 3045 omnibus
1685 3002 1764 3045 illis
1781 3031 1794 3053 ,
1821 3017 1903 3061 qiuae
1916 3004 2046 3047 dietus
2065 3004 2335 3047 Praedeceffor

1308 3060 1346 3103 in
1362 3058 1475 3102 dietis
1492 3059 1635 3103 litteris
1653 3061 1782 3103 voluit
1797 3063 2049 3111 nonobstare
2064 3091 2078 3114 ,
2100 3063 2335 3119 caeterisque

1306 3119 1522 3162 contrariis
1540 3119 1844 3175 quibuscunque
1859 3149 1870 3163 .

1366 3179 1514 3219 Datum
1532 3180 1669 3221 Romae
1683 3178 1787 3232 apud
1813 3182 1853 3221 S.
1870 3180 2039 3220 Petrum
2056 3179 2184 3222 Anno
2195 3181 2335 3223 Incar-

1307 3237 1480 3281 nationis
1514 3237 1734 3279 Dominicae
1770 3236 1981 3279 millefimo
2011 3238 2334 3293 quingentefimo

1305 3295 1571 3350 06tuagefim0
1599 3296 1736 3345 sexto,
1771 3293 1935 3337 decimo
1961 3296 2138 3352 Januarii
2167 3297 2336 3341 Pontifi-

1305 3352 1415 3399 ca-tfis
1431 3354 1554 3397 nostri
1566 3357 1680 3398 Anno
1695 3353 1872 3399 secundo
1889 3382 1901 3395 .

1363 3471 1481 3516 Bulla
1495 3469 1686 3528 formata
1706 3474 1748 3512 in
1773 3470 1943 3513 Archivo
1968 3476 2179 3517 Provinciae
2197 3500 2211 3522 a
2238 3474 2335 3518 de„

1420 3542 1500 3584 qua
1525 3531 1720 3584 exemplar
1743 3530 1919 3575 authent.
1944 3531 1988 3576 in
2003 3532 2177 3575 Archivo
2206 3535 2333 3573 Gene-

1418 3587 1501 3653 ralt'
1519 3588 1674 3633 Ordinis
1686 3617 1701 3642 ,
1719 3589 1908 3633 Armario
1917 3591 2130 3635 Provincia
2145 3591 2334 3646 Hydrun-

1420 3657 1525 3692 tina.

2175 3886 2214 3926 N
2219 3885 2277 3925 0-
