2618 4108
847 240 1764 360 monferratensis.

2117 250 2287 360 '277

222 360 352 423 and
375 359 490 404 certe
519 360 778 415 contingerat
794 387 809 412 ,
839 358 864 401 li
883 362 939 402 Ea
960 360 1075 403 isthic
1102 362 1257 416 publici
1318 375 1364 405 ut
1384 366 1424 405 in
1454 365 1543 406 acie
1568 366 1666 406 vicit
1685 394 1698 415 ‚
1731 378 1782 407 ita
1799 365 1838 408 8(
1856 365 2194 422 triumphaturae„
2209 367 2288 411 erse
2308 371 2357 412 in⁴

222 421 322 468 boni
344 421 687 478 impedimentum
703 448 719 472 ,
746 421 788 461 dt
802 416 976 475 perfidiae
990 420 1121 462 tutela
1140 421 1260 464 habe.
1319 436 1372 465 eo
1395 424 1619 466 Procerum
1643 426 1835 467 Concilio
1848 454 1860 465 .
1895 429 2067 476 Tamen,
2084 427 2176 480 quia
2193 428 2231 468 in
2247 431 2364 469 Man-

225 493 344 530 retur
371 507 383 521 .
417 484 497 524 Has
532 478 829 522 malevolorum
847 477 1165 522 obtrectationes
1195 494 1263 523 re·

230 547 305 588 bus
323 540 411 596 ipsis
433 538 670 596 propediem
690 539 713 582 a
729 534 961 580 Nobilitate
977 540 1062 580 Tua
1076 536 1265 581 confuta-

232 614 322 647 tum
338 602 387 643 iri
403 600 632 656 speramus,
666 595 826 639 Dilecte
850 595 951 646 Fili,
984 596 1265 647 scimusenim,

232 665 296 706 Te
323 672 405 702 non
432 671 484 703 eo
511 658 675 713 ingenio
703 653 782 698 ess'e
807 679 821 704 ,
853 664 895 695 ut
923 655 1070 697 divina:
1100 656 1266 699 ultionis

231 718 423 777 supplicia
442 730 520 760 non
536 714 795 773 pertimescas
812 742 826 762 ‚
858 725 980 769 atque
995 714 1239 763 ,sa-culorum
1258 743 1273 766 ,

234 779 560 840 populorumque
580 769 762 815 omnium
791 771 938 826 judicia
962 773 1141 828 negligas
1157 805 1167 814 .
1201 778 1271 817 Sa-

235 846 614 949 5:0212”s¹„s¹:‚‘.-¹0‘225:
620 831 1274 942 35:23³:ssint'32323332015532

237 955 348 1012 spem
373 951 745 1005 authoritatemque
770 961 883 992 tuam
909 947 936 992 si
965 949 1015 993 ad
1048 950 1273 1006 Religionis

237 1013 485 1070 dignitatem
502 1009 654 1051 contul
674 1008 729 1051 ris
741 1039 755 1060 ,
769 1024 860 1052 cum
876 1009 1099 1053 immortali
1116 1010 1174 1052 tui
1191 1012 1276 1051 No-

236 1073 355 1119 minis
371 1099 384 1122 ,
412 1072 454 1112 δι
476 1068 702 1112 Catholicae
722 1068 934 1122 majestatis
947 1068 1074 1122 gloria
1092 1081 1180 1111 rem
1201 1082 1270 1110 re·

240 1127 433 1182 stituilse,
463 1130 501 1171 &
528 1128 696 1171 Coelum
727 1123 936 1169 laetificaffe
962 1126 1270 1181 praedicaberis.

238 1195 354 1237 Deus
370 1188 442 1231 ille
466 1186 663 1230 terribilis
688 1185 790 1241 apud
818 1187 952 1238 Reges
982 1194 1129 1235 terrae‚
1159 1183 1273 1239 cujus

237 1250 371 1294 vicem
386 1249 426 1289 in
443 1248 516 1287 hac
533 1243 770 1298 Apostolicoe
788 1242 1005 1295 Dignitatis
1030 1245 1274 1287 statione-³

238 1308 450 1366 gerimus,
474 1302 748 1346 Nobilitatem
770 1303 903 1344 Tuam
923 1297 1145 1344 pontificiis
1161 1303 1274 1344 litte·

237 1370 296 1411 ris
323 1363 578 1419 alloquitur,
606 1371 730 1416 atque
755 1362 780 1404 a
809 1360 889 1402 tuis
918 1360 1094 1402 consiliis
1121 1372 1278 1404 tantum

236 1421 482 1468 heneti-ium
496 1418 737 1462 Christianae
758 1418 1011 1473 Reipublicae
1040 1421 1142 1475 petit
1158 1448 1169 1460 .
1201 1421 1281 1461 Po-

235 1481 391 1528 terisne
403 1478 556 1536 aliquid
588 1477 655 1533 ipsi
679 1481 768 1520 Deo
784 1479 969 1519 abnuere
985 1506 1000 1528 ,
1031 1480 1095 1520 cui
1114 1478 1281 1522 Trium—

238 1544 431 1601 phatores
449 1538 559 1580 orbis
579 1539 801 1580 Terrarum
817 1565 832 1587 ,
847 1538 888 1578 δι
906 1538 1103 1579 Βεᾶοτεε
1118 1536 1281 1592 generis

237 1600 419 1646 Humani
442 1594 569 1640 fasces
584 1595 752 1651 Imperii
777 1594 1047 1648 submittunt,
1077 1598 1115 1638 ἃ
1131 1595 1282 1639 scabel-

236 1662 325 1705 lum
364 1656 514 1714 pedum
543 1655 660 1710 iptius
692 1664 939 1697 venerantur
965 1656 985 1697 ἓ
1015 1657 1159 1706 Scito,
1194 1658 1279 1697 Nos

238 1719 380 1764 induci
397 1714 507 1759 nulli
527 1714 686 1757 ratione
701 1710 807 1763 posse
823 1739 837 1764 ,
864 1723 1007 1756 uttam
1021 1714 1130 1756 male
1143 1713 1279 1757 existi-

240 1789 398 1822 memus
420 1774 477 1817 de
492 1772 701 1817 Catholici
720 1773 845 1827 Regis
863 1772 1047 1816 Ministro
1063 1775 1103 1815 δι
1117 1772 1168 1816 de
1191 1771 1284 1816 His-

242 1851 351 1896 pano
365 1838 568 1883 Oratore,
579 1833 645 1888 qui
661 1831 827 1874 civilem
844 1846 869 1884 p
890 1830 1142 1882 adventinum
1157 1833 1283 1875 Chri-

241 1898 366 1940 stiana
396 1894 551 1950 pietate
579 1889 796 1945 sejunctam
823 1918 840 1942 ,
871 1893 1107 1945 Regnorum
1142 1892 1282 1947 potius

241 1953 447 2000 excidium
470 1978 486 2002 ‚
518 1951 637 2005 quam
666 1949 1013 2003 propugnaculum
1047 1948 1124 1993 effe
1153 1951 1279 1993 velit.

241 2016 380 2070 Agent
397 2010 451 2052 de
471 2019 554 2050 tam
582 2010 697 2061 gravi
718 2007 888 2060 negotio
906 2008 1165 2051 Venerabilis
1183 2011 1280 2051 Fra·

241 2067 569 2124 tenear-olus,
601 2064 823 2120 Episcopus
841 2064 1129 2117 Adversarius,
1164 2071 1278 2111 Nun·

240 2132 324 2174 tius
340 2125 596 2183 apostolicus
608 2150 624 2173 ⁵
652 2125 693 2166 δι
709 2123 896 2166 ΟἰΙεᾶυι
909 2123 1034 2167 Filius
1049 2155 1063 2178 ,
1091 2129 1154 2169 Fr.
1171 2130 1284 2183 Hya-

239 2189 407 2234 cinthus
435 2183 656 2229 casalensis
674 2211 689 2235 ,
719 2182 987 2236 Capucinus,
1018 2186 1161 2240 quibus
1189 2199 1282 2240 pet-

240 2247 339 2291 inde
363 2272 379 2297 ‚
408 2258 454 2287 ac
486 2244 616 2286 Nobis
642 2271 656 2295 ,
687 2240 861 2284 credere
893 2244 1044 2296 poterit
1076 2245 1282 2288 Nobilitas

243 2309 335 2350 Tua
358 2333 375 2356 ‚
414 2301 484 2345 cui
511 2300 788 2356 Apostolicam
815 2301 1147 2345 Benedictionem
1189 2316 1284 2358 per-

243 2374 430 2464 amantgr
444 2360 908 2462 itmpart‘iirnurx.¹1¹)atgr‹:ic
911 2361 1050 2462 503:ae
1067 2359 1188 2463 29:21¹
1184 2365 1284 2462 {an-

314 2436 355 2464 m
420 2433 554 2463 erum
616 2432 691 2462 rex
779 2445 792 2458 .
938 2433 976 2460 m
1029 2435 1103 2463 ,κ
1223 2434 1285 2463 11.

245 2428 515 2531 ggntifican'is
539 2478 663 2522 nostri
684 2490 790 2519 anno
806 2474 1011 2521 secundo.

308 2604 369 2646 Ex
390 2597 565 2644 Archias
596 2597 781 2640 Vaticano
806 2595 958 2637 Secreto
975 2621 987 2633 .

691 2736 1274 2753 —————

508 2831 687 2886 Eodem
720 2845 995 2902 argumento
1009 2868 1024 2884 .

308 2961 345 3002 A
365 2966 510 3011 tergo:
549 2942 702 2997 Duce-70
723 2952 825 2996 Filr'o
840 2980 855 3002 ‚
888 2954 1067 2994 martino
1091 2953 1236 2995 Bccano

395 3013 601 3060 societatis
623 3010 721 3067 ‘jesia
743 3010 1151 3068 Presbytero‚Cesaeria

645 3069 915 3130 Confi-ffuria-

257 3190 860 3246 GREGORIUS
917 3190 1122 3239 PAPA
1171 3188 1286 3237 XV.

351 3308 512 3355 Dileffe
526 3309 637 3356 Fili,
649 3306 827 3365 [οἰκίοισι
852 3308 901 3356 ὸ·
926 3304 1184 3363 Apostolum

608 3365 915 3408 Benedifltonem
928 3393 941 3406 .

350 3490 595 3543 Ompertum
616 3483 674 3527 est
692 3485 884 3526 Romanae
909 3479 1126 3533 Ecclefiae,
1156 3479 1289 3536 quod-

359 3560 452 3591 nam
465 3547 511 3588 lit
526 3547 656 3597 impes
666 3542 791 3585 atoris
803 3540 922 3584 electi
933 3541 1288 3584 inConventuRa·

246 3606 465 3650 tisbonenfi
482 3602 732 3653 confilium,
744 3597 812 3643 fed
827 3598 1013 3656 profecto
1027 3613 1107 3642 non
1123 3599 1286 3647 desunt,

244 3666 313 3722 qui
329 3674 584 3717 metuunt,ne
597 3659 1123 3717 Religiofiffimusprinceps
1134 3659 1173 3700 in
1190 3668 1281 3724 tans

247 3733 297 3766 tae
310 3723 447 3779 gloriae
460 3722 734 3782 pofl'effionem
749 3720 810 3763 ire
827 3733 905 3762 non
921 3719 1062 3761 timeat
1079 3746 1095 3769 ‚
1125 3731 1217 3758 cum
1232 3718 1280 3757 Er

248 3780 294 3824 sit
305 3781 425 3838 super
437 3782 593 3840 aspides
606 3782 646 3822 δι
658 3779 848 3822 Basilicus
864 3776 1151 3822 ambulandum
1166 3806 1178 3814 .
1193 3777 1283 3817 Nos

249 3840 416 3898 quidem
431 3842 702 3886 existimamus
713 3837 976 3883 catholicam
992 3835 1253 3892 Religionem
1265 3860 1282 3884 ‚

1324 483 1431 525 datis
1459 483 1626 524 Domini
1645 486 1827 536 cupimus
1853 485 1999 535 nimis,
2026 487 2147 527 novis
2170 488 2366 528 exhorta-

1324 542 1502 583 tionibus
1518 551 1603 582 tum
1621 541 1846 585 Caesaream
1864 544 2117 599 Maiestatem
2136 573 2151 596 ,
2181 555 2267 585 tum
2281 558 2366 587 ια’·

1326 612 1437 643 teros
1456 600 1668 655 Principes
1693 600 1744 641 ad
1762 611 1920 643 tantum
1945 616 2046 657 opus
2071 603 2365 656 perficiendum

1327 661 1611 701 cohortamur.
1652 661 1712 700 Te
1731 662 1829 704 vero
1842 661 2262 719 alloquimuringenio
2279 663 2368 717 pol-

1332 717 1516 765 lentem,
1545 717 1704 770 pietate
1725 718 1927 761 munitum
1942 750 1957 771 ,
1983 721 2050 776 qui
2079 721 2271 776 gloriaris
2294 722 2366 764 itu

1333 778 1476 817 Cruce
1502 775 1663 816 Domini
1679 776 1799 817 nostri
1818 778 1907 832 Jesu
1923 779 2102 829 Christi,
2134 794 2176 820 ur
2194 780 2254 821 Te
2270 780 2368 821 stre-

1334 847 1460 876 nuum
1476 832 1680 876 Catholici
1699 836 1885 878 Nominis
1909 836 2164 879 defensorem
2193 839 2368 894 praebeas

1334 894 1374 936 in
1401 893 1449 933 iis
1465 890 1617 934 Castris
1631 918 1646 942 ‚
1680 891 1719 932 in
1733 893 1876 948 quibus
1894 894 1943 937 iis
1960 896 2080 937 armis
2108 909 2167 939 res
2180 898 2339 951 geritur
2354 928 2369 950 ‚

1334 951 1482 1008 quibus
1509 948 1725 1006 plurimum
1754 951 1893 994 valere
1917 953 2098 1003 diceris,
2128 956 2370 1010 eloquentie

1336 1011 1408 1062 vi,
1449 1009 1675 1065 prudentie
1710 1010 1863 1052 artibus
1891 1039 1905 1062 ‚
1935 1024 1982 1054 ac
2020 1012 2185 1067 pietatis
2211 1014 2368 1056 tludio.

1335 1071 1435 1111 Eam
1464 1067 1659 1111 societati
1679 1068 1774 1123 Jesu
1803 1069 1975 1124 gloriam
1999 1084 2217 1125 compara,
2250 1082 2294 1114 ut
2312 1076 2371 1117 Ea

1333 1128 1411 1170 tuis
1434 1125 1605 1169 consiliis
1631 1125 1842 1169 labentem
1870 1129 2042 1171 Romani
2073 1132 2239 1185 imperii
2257 1144 2372 1172 com-

1334 1199 1478 1243 pagem
1492 1185 1531 1226 in
1546 1186 1768 1228 Germania
1787 1188 1812 1229 s
1806 1185 2017 1230 ustentaffe
2035 1216 2048 1239 ‚
2079 1201 2372 1245 oppugnatam-

1338 1259 1416 1300 que
1442 1244 1668 1287 Catbolicae
1693 1245 1924 1300 Religionis
1951 1246 2193 1302 dignitatem
2225 1248 2372 1291 desen·

1338 1300 1436 1346 diffe
1467 1302 1709 1359 praedicetur
1732 1331 1744 1345 .
1776 1305 1933 1348 Scimus
1952 1334 1966 1356 ‚
2000 1306 2199 1362 quantum
2227 1308 2373 1362 pietati

1339 1374 1417 1405 tuae
1445 1362 1600 1404 tribuat
1622 1362 1880 1406 Chariliimus
1908 1364 1948 1406 in
1963 1366 2125 1407 Christo
2143 1366 2268 1410 Pilius
2292 1371 2375 1410 Im-

1341 1431 1508 1479 perator
1537 1419 1726 1470 Electus,
1760 1423 1808 1465 Ei
1833 1436 1884 1465 ex
1913 1426 2241 1470 Armamentario
2259 1427 2374 1470 Coeli

1341 1494 1451 1523 arma
1479 1479 1582 1522 lucis
1610 1489 1707 1535 pete
1735 1508 1749 1532 ‚
1779 1482 1919 1537 quibus
1946 1481 2208 1526 difficultates
2234 1499 2373 1529 omnes

1342 1539 1532 1596 profliget
1546 1566 1561 1590 ,
1595 1540 1634 1581 δι
1653 1539 1927 1594 periculorum
1941 1543 2066 1584 minas
2080 1543 2219 1586 eludat
2232 1571 2244 1584 .
2279 1548 2374 1587 Non

1343 1599 1519 1640 deerunt
1533 1598 1660 1640 etiam
1674 1597 1849 1654 Principi
1866 1627 1880 1650 ‚
1915 1610 1996 1641 tam
2015 1602 2209 1655 praeclare
2233 1602 2285 1645 de
2303 1617 2375 1658 ge·

1329 1670 1441 1700 -nere
1458 1658 1630 1698 huniano
1647 1657 1822 1698 merenti
1840 1685 1854 1708 ‚
1879 1657 2049 1701 humana
2077 1661 2234 1704 auxilia
2252 1689 2266 1713 ‚
2297 1674 2344 1705 ut
2359 1681 2375 1714 's

1341 1716 1409 1772 qui
1434 1716 1492 1757 rei
1516 1714 1647 1756 dubiae
1669 1713 1840 1770 politica
1868 1716 2086 1770 prudentia
2104 1720 2285 1762 rationes
2313 1720 2375 1763 se-

1342 1783 1524 1832 quuntur
1553 1799 1567 1822 ‚
1601 1774 1642 1814 &
1670 1773 1841 1828 publica
1877 1774 2047 1819 utilitati
2072 1778 2373 1832 adversantur,

1344 1834 1513 1889 negotio
1536 1831 1720 1887 perfer
1736 1842 1893 1877 tanturn
1907 1835 2140 1879 Christianae
2159 1839 2233 1880 Rei
2240 1840 2375 1894 publi-

1342 1907 1397 1936 cae
1411 1890 1653 1935 beneficium
1665 1891 1846 1948 diripere
1859 1907 1939 1937 non
1953 1894 2131 1938 audeant
2146 1925 2158 1937 .
2186 1900 2271 1940 Nos
2286 1899 2376 1955 qui-

1342 1953 1438 1996 dem
1461 1952 1502 1993 δι
1516 1952 1733 1994 Paternam
1762 1952 1938 1996 nostram
1968 1954 2284 1998 sollicitudinem
2299 1959 2376 2000 de-

1341 2009 1539 2054 claraturi
1555 2037 1571 2060 ‚
1599 2011 1639 2051 &
1658 2009 1865 2054 Pontifici:
1890 2011 2036 2055 auxilia
2053 2014 2235 2069 promitti
2261 2018 2377 2058 volu-

1346 2083 1434 2111 mus
1468 2070 1490 2110 ἁ
1519 2068 1759 2112 Venerabili
1784 2071 1931 2113 Fratre
1961 2072 2144 2126 Catulo,
2177 2074 2377 2131 Episcopo

1344 2126 1557 2171 Aversano
1570 2154 1587 2178 ,
1615 2128 1775 2171 Nuntio
1789 2128 2026 2186 Apostolico
2040 2158 2056 2182 ,
2082 2145 2129 2174 ac
2147 2134 2305 2176 Dilfcto
2318 2136 2376 2177 Fi„

1346 2187 1418 2240 lio,
1436 2190 1502 2230 Pr.
1521 2187 1758 2244 Hyacinthe
1776 2188 1982 2232 casalensi
1995 2220 2009 2241 ‚
2026 2193 2240 2246 Capucino
2255 2220 2268 2243 ,
2287 2195 2375 2250 qui-

1342 2247 1419 2289 bus
1445 2249 1650 2296 eandem,
1677 2259 1798 2301 quam
1827 2247 1954 2290 Nobis
1974 2277 1989 2299 ‚
2027 2247 2151 2291 fidem
2178 2251 2341 2297 habebis
2362 2282 2378 2307 ,

1346 2305 1520 2360 Titiique
1536 2304 1871 2348 Benedioionem
1884 2308 2158 2360 Apostolicam
2166 2323 2377 2365 peraman-

1346 2375 1410 2408 ter
1425 2364 1706 2420 impertimur.
1737 2367 1890 2408 natum
1901 2368 2107 2423 utsupra.

1407 2485 1464 2525 Ex
1479 2481 1652 2524 Archiv.»
1666 2483 1817 2524 secreto
1838 2483 2020 2526 Vaticano
2030 2511 2042 2525 .

1345 2623 1457 2639 —

1346 2717 1560 2770 Eundem
1594 2722 1669 2768 Fr.
1702 2720 2027 2785 Hyacinthum
2074 2721 2120 2769 in
2154 2723 2379 2794 legatione

1416 2788 1664 2840 confirmat
1695 2824 1712 2848 ,
1761 2792 1919 2839 Socios
1952 2809 2037 2858 pro
2075 2789 2154 2842 suo
2187 2796 2378 2844 arbitrio

1415 2859 1674 2926 ubicunque
1700 2856 1918 2910 affumere
1938 2896 1953 2919 ‚
1988 2860 2036 2912 δε
2063 2871 2114 2912 6.
2146 2866 2259 2915 alios
2289 2868 2379 2915 Or·

1422 2929 1541 2980 dinis
1570 2928 1828 2999 Religiosos
1848 2967 1863 2988 ‚
1894 2933 2164 2983 austorirare
2187 2934 2380 3001 Aposto-

1354 3038 1357 3042 ι
1422 3001 1510 3050 lica
1527 2999 1587 3051 ad
1602 3001 1786 3070 negotia
1803 3003 2067 3069 Legationia
2102 3004 2377 3055 tracianda..

1418 3069 1629 3140 ablegare
1661 3071 1871 3121 concedit
1895 3107 1907 3119 .

1348 3187 1490 3232 Foris:
1523 3186 1671 3232 Dileflo
1687 3187 1806 3236 Filio,
1829 3189 2044 3241 Hyacintho
2070 3190 2115 3231 de
2130 3190 2261 3248 Cafizli
2278 3194 2375 3237 Ord,

1443 3249 1528 3292 PF.
1557 3251 1661 3291 Min.
1689 3250 1728 3288 s.
1761 3247 1962 3302 Francifii
1994 3250 2280 3301 Capacinorum

1580 3315 1890 3360 nuncupatorum
1911 3306 2116 3364 Projcffiri
2133 3336 2144 3349 .

1351 3425 1858 3478 URBANus
1931 3426 2145 3476 PAPA
2224 3432 2373 3481 V111.

1421 3542 1575 3587 Ducere
1603 3543 1688 3586 Fili
1714 3541 1891 3583 salutem
1913 3569 1928 3593 ‚
1966 3544 2015 3593 ζῇ·
2046 3544 2307 3603 Apaessolicam

1698 3600 2000 3644 Benediffloncm
2016 3630 2029 3644 .

1462 3721 1540 3762 Um
1554 3716 1649 3762 alias
1666 3718 1729 3760 Tu
1746 3718 1800 3759 ob
1826 3729 1938 3760 tuum
1953 3720 2175 3765 Catholicae
2192 3721 2380 3775 Religio-

1470 3778 1527 3819 nis
1543 3776 1693 3820 Zelum
1706 3803 1721 3825 ,
1747 3778 2007 3832 prudentiam
2025 3809 2038 3831 ,
2052 3780 2342 3822 dexteritatem
2361 3809 2377 3834 ,

1340 3836 1378 3877 δι
1393 3850 1529 3879 rerum
1544 3836 1881 3879 Germanicarum
1894 3839 2189 3895 experientiam
2204 3838 2245 3881 in
2261 3842 2368 3887 Gen,
