2664 4114
394 237 498 294 12

325 324 564 383 praefertur,
592 321 662 366 sed
686 323 728 366 δε
745 325 834 366 ante
852 346 865 369 ‚
891 316 1111 376 &quando
1139 320 1207 369 fibi
1230 324 1363 378 place-

323 399 418 434 ret,
445 397 565 425 unam
591 397 639 425 ex
667 380 884 425 duodecim
901 407 915 430 ,
944 393 1028 435 qua:
1049 389 1184 427 tamen
1211 382 1363 429 dietum

320 442 520 486 Ordinem
537 441 722 496 expresse
734 435 903 493 professa
920 468 933 489 a
961 438 999 484 3(
1023 437 1064 478 in
1081 448 1200 481 aetate
1220 439 1361 497 'legiti-

321 517 384 544 ma
397 501 609 542 constituta
626 530 638 550 ‚
662 502 698 541 8(
712 498 808 539 alias
834 498 883 540 ad
903 497 943 545 id
960 496 1104 542 idonea
1122 495 1230 541 feret
1245 526 1260 549 ,
1275 497 1359 553 ipsa

318 557 450 602 Maria
467 557 675 601 Abbatissai
703 557 810 612 prius
839 556 1027 610 regimini
1051 557 1092 597 δι
1108 555 1363 599 administra-

318 617 421 659 tioni
452 615 865 674 hujusmodicedente
880 642 895 665 ,
924 614 1020 658 alias
1035 614 1147 670 juxta
1163 615 1359 660 dictarum

317 675 551 719 litterarum
575 685 763 717 tenorem
792 675 832 716 in
856 672 1106 718 Abbatiffam
1134 673 1292 730 eligere
1321 676 1363 716 &

317 736 514 790 deputare
529 745 543 785 3
561 731 722 793 ipsaque
740 734 869 781 Maria
886 734 1090 777 Abbatiffa
1106 761 1120 786 ,
1132 735 1169 776 &
1185 748 1258 790 per
1270 749 1362 777 eam

317 791 534 850 eligenda,
561 792 628 836 vel
658 792 733 837 alia
750 821 764 844 ,
793 806 879 850 quae
903 807 979 849 pro
1006 804 1193 849 tempore
1223 792 1361 845 foret,

314 849 625 895 confirmatione
646 852 817 897 alterius
837 853 1064 908 Superioris
1088 866 1165 894 non
1195 852 1357 908 indige-

311 920 408 958 ret,
438 908 506 952 sed
521 910 667 966 absque
683 911 759 957 alia
783 910 1092 953 confirmatione
1116 911 1157 950 δι
1181 911 1356 954 benedi-

313 969 447 1010 Ctione
465 996 478 1019 ,
504 968 786 1015 administrare
804 1000 819 1022 ,
844 982 993 1025 regere
1008 997 1021 1020 ,
1042 969 1172 1010 &alia
1194 966 1354 1025 facere,

313 1042 400 1083 qua:
412 1028 500 1069 aliae
513 1028 607 1070 dieti
624 1029 789 1072 Ordinis
804 1027 1020 1073 Abbatiffae
1041 1028 1125 1084 post
1139 1027 1358 1076 confirma-

312 1088 469 1129 tionem
485 1088 526 1133 ὃς
551 1088 881 1134 ὺεηοάίέὶίοηεῐη
900 1088 953 1129 de
975 1087 1063 1144 jure
1089 1085 1163 1135 vel
1188 1087 1358 1130 consue-

312 1144 455 1188 tudine
484 1144 622 1189 facere
643 1157 834 1203 poterant
854 1149 892 1194 ὃς
909 1147 1231 1204 consueverant3
1254 1142 1312 1190 'Et
1330 1146 1355 1192 fi

311 1219 399 1260 quae
420 1205 543 1248 dubia
571 1207 611 1249 δι
637 1205 900 1254 difficultates
927 1205 1050 1261 super
1074 1204 1273 1261 praemislis
1289 1205 1357 1255 vel

311 1263 403 1305 aliis
432 1265 693 1319 imposterum
725 1280 799 1320 pro
833 1275 1020 1320 tempore
1058 1274 1330 1315 occurrerent
1346 1293 1361 1317 ,

311 1322 414 1364 duos
439 1323 507 1366 vel
534 1334 617 1366 tres
643 1325 684 1365 in
712 1323 800 1379 jure
828 1324 1043 1367 Canonico
1061 1325 1263 1372 Dofilores
1286 1338 1362 1380 per

309 1394 387 1435 pro
398 1392 587 1436 tempore
601 1381 845 1428 existentem
857 1380 1106 1427 Abbatiffam
1124 1383 1358 1437 praedlstam

309 1439 552 1495 eligendos,
579 1439 821 1490 declarare,
850 1439 1054 1496 ipsamque
1087 1442 1289 1491 Mariam,
1318 1444 1359 1482 &

308 1513 386 1554 pro
412 1508 600 1554 tempore
615 1499 855 1545 existentem
871 1495 1151 1550 Abbatissam,
1183 1496 1358 1542 Confes-

305 1556 444 1599 sorem
459 1559 498 1604 &
516 1557 788 1612 Capellanum
803 1557 916 1615 juxta
934 1555 1106 1603 formam
1122 1557 1355 1603 litterarum

306 1616 529 1659 ereRionis
555 1615 809 1672 hujusmodi,
835 1629 955 1676 quem
978 1616 1108 1670 magis
1127 1615 1354 1660 idoneum,

306 1685 524 1731 reputaret
540 1703 554 1730 2
580 1676 740 1731 eligere
755 1704 769 1727 ,
796 1675 960 1723 litteras
977 1674 1183 1729 praedictas
1197 1675 1235 1715 δι
1251 1675 1290 1717 in
1306 1674 1354 1716 iis

307 1744 504 1777 contenta
517 1748 763 1790 quacunque
776 1734 824 1775 ad
841 1736 933 1784 ea,s1
951 1747 1051 1787 opus
1067 1731 1190 1782 finer,
1206 1744 1354 1776 exten-

309 1792 414 1835 dere
432 1795 472 1840 &
487 1793 683 1850 ampliare
700 1791 808 1849 poise
823 1793 1010 1835 decrevit
1033 1793 1071 1832 &
1090 1791 1320 1838 declaravit
1336 1818 1351 1841 ,

305 1862 430 1908 prout
454 1854 494 1894 in
522 1851 716 1906 praedic'tis
744 1851 883 1892 &aliis
909 1850 1024 1905 ipsius
1043 1849 1349 1899 Praedecefl‘oris,

304 1913 348 1977 in
376 1910 503 1952 forma
520 1911 661 1953 Brevis
687 1909 858 1967 desuper
873 1907 1066 1960 confectis
1091 1910 1242 1961 litteris
1257 1911 1349 1976 ple-

306 1984 397 2013 n1us
426 1980 659 2018 continetur
674 1999 686 2011 .

362 2033 471 2071 Cum
498 2039 630 2072 autem
646 2058 660 2081 ,
687 2029 785 2075 ficut
804 2031 932 2075 Nobis
958 2044 1088 2086 nuper
1115 2029 1266 2086 exponi
1286 2029 1351 2077 fe-‘

305 2088 441 2141 cistis,
470 2087 871 2134 licetM0nasterium
900 2089 1023 2146 ipsum
1054 2090 1229 2132 licemiae
1252 2104 1354 2146 prae-

304 2148 421 2188 dietae
437 2147 578 2202 vigore
604 2149 843 2192 translatum
867 2151 907 2191 &
927 2147 1166 2197 aedificatum
1193 2149 1319 2194 fuerit
1335 2179 1351 2203 ,

304 2207 469 2263 Vosque
495 2208 535 2248 in
550 2220 602 2249 eo
619 2208 688 2248 sub
705 2208 865 2263 Regula
889 2215 928 2252 S.
944 2209 1078 2251 Clarae
1093 2209 1214 2264 primi
1226 2210 1350 2252 Ordi-

302 2266 391 2314 nis,
414 2278 492 2307 non
517 2274 653 2308 autem
680 2264 747 2309 sub
764 2267 925 2320 Regula
943 2266 1193 2310 S-Francisci
1210 2268 1345 2312 Tertii

271 2345 278 2360 ι
298 2323 473 2371 Ordinis
489 2324 680 2367 hactenus
695 2326 893 2381 degeritis
906 2353 920 2375 ,
935 2329 971 2373 &
987 2326 1144 2382 degatis
1158 2356 1175 2378 ,
1198 2327 1347 2370 nihilo-2

301 2384 436 2425 minus
461 2397 536 2438 pro
550 2386 671 2425 animi
692 2384 810 2428 vestri
825 2386 964 2440 quiete
991 2387 1029 2427 in
1053 2401 1104 2428 eo
1119 2385 1187 2431 sub
1206 2386 1344 2442 hujus:-

302 2441 411 2485 modi
438 2442 578 2497 regula
603 2444 720 2498 primi
746 2446 786 2486 δι
803 2445 1029 2488 strietioris
1046 2445 1210 2488 Ordinis
1238 2445 1345 2502 ejus·

299 2501 393 2542 dem
409 2504 450 2543 S·
462 2502 595 2543 Clarae
610 2516 850 2555 permanere
866 2503 1105 2551 desideretis
1123 2533 1137 2555 ,
1163 2508 1344 2549 Nos·ve-,

297 2560 378 2602 stro
392 2560 459 2617 pio
475 2559 676 2603 defiderio
693 2562 731 2603 in
749 2563 824 2608 hac
838 2574 953 2616 parte
970 2562 1255 2611 favorabiliter
1270 2580 1338 2608 an·

297 2632 424 2660 nuere
441 2618 629 2666 volentes
640 2649 654 2671 ,
668 2634 741 2662 nec
755 2635 833 2663 non
850 2621 1088 2677 lingularum
1102 2622 1340 2670 litterarum

296 2676 575 2733 praedictarum
593 2681 773 2726 veriores
789 2690 953 2722 tenores
980 2682 1236 2735 praesentibus
1263 2695 1338 2737 pro

296 2734 488 2791 expreffis
504 2737 696 2781 habentes
710 2767 722 2788 ,
747 2739 917 2795 illasque
930 2768 943 2790 ,
958 2741 1050 2782 &in
1065 2740 1124 2782 eis
1140 2750 1338 2790 contenta

294 2808 559 2850 quaecumque
573 2799 844 2852 approbantes
857 2823 880 2847 ,-
900 2800 940 2840 &
955 2797 1244 2845 confirmantes
1263 2830 1276 2850 ,
1290 2813 1339 2848 ea

294 2855 421 2895 Vobis
436 2869 479 2896 ac
508 2854 640 2898 vestro
655 2858 900 2900 Monasterio
924 2857 1129 2914 suffragari
1144 2889 1159 2909 ,
1176 2858 1339 2915 Vosque

293 2913 378 2955 illis
406 2913 444 2955 in
463 2914 650 2961 omnibus
666 2944 679 2967 ,
704 2918 744 2956 ὃς
759 2931 833 2971 per
849 2918 984 2960 omnia
999 2919 1056 2958 uti
1072 2916 1178 2974 poffe
1191 2917 1339 2961 decer-

290 2982 455 3033 nentes,
471 2972 609 3017 vestris
626 2974 664 3015 in
679 2975 753 3017 hac
774 2987 892 3028 parte
907 2977 1260 3032 supplicationibus
1275 2979 1337 3020 in-

286 3030 434 3072 ·clinati
451 3059 465 3081 ,
488 3040 531 3072 ut
550 3034 633 3077 Vos
662 3033 698 3075 in
722 3033 829 3076 disto
846 3036 1091 3078 Monasterio
1116 3034 1187 3077 sub
1203 3034 1339 3092 hujus-

288 3089 402 3131 modi
428 3089 567 3144 regula
600 3094 640 3133 S.
667 3092 799 3135 clarae
829 3094 949 3148 primi
969 3095 1134 3137 Ordinis
1158 3121 1172 3143 ,
1210 3105 1337 3148 prout

289 3149 476 3191 hactenus
490 3149 655 3205 degistis
671 3180 685 3202 ,
717 3153 754 3192 δε
770 3152 820 3195 de
836 3163 999 3201 coetero
1013 3155 1170 3210 degere
1188 3154 1228 3193 &
1241 3167 1335 3209 per-

290 3219 478 3256 manere,
494 3211 651 3261 acVos,
669 3212 760 3253 &in
776 3209 957 3253 futurum
971 3213 1010 3253 in
1026 3214 1174 3255 eodem
1193 3216 1338 3255 Mona-

289 3263 408 3306 sterio
431 3267 669 3319 recipiendae
698 3270 897 3313 Moniales
914 3272 1108 3315 Habitum
1122 3302 1135 3324 ,
1153 3286 1226 3327 per
1240 3272 1336 3317 alias.

288 3322 460 3388 aliorum
491 3322 734 3377 singulorum
759 3330 1096 3374 Monasteriorum
1112 3331 1332 3385 ejusdem-1

288 3381 454 3427 Ordlms
482 3384 671 3425 S-Clarae
687 3390 885 3431 Moniales
916 3390 1063 3445 gestari
1088 3391 1249 3433 solitum
1266 3389 1330 3432 su-

288 3435 440 3504 scipere
452 3466 476 3504 ,·
495 3441 535 3480 &
551 3442 833 3496 professionem
852 3462 923 3501 per
937 3451 1095 3492 easdem
1115 3451 1232 3503 primi
1248 3451 1329 3491 Or·

287 3496 394 3537 dinis
410 3498 634 3551 hujusmodi
653 3503 787 3545 emitti
807 3506 980 3558 solitam,
993 3509 1087 3554 alias
1104 3507 1216 3565 juxta
1231 3508 1332 3552 alio-

287 3569 377 3596 rum
404 3558 739 3601 monasteriorum
777 3563 847 3608 sub
875 3566 1100 3618 hujusmodi
1131 3566 1329 3623 Regula.)

285 3612 479 3657 §.Clarae
508 3616 622 3668 primi
647 3620 815 3663 Ordinis
847 3624 1102 3668 existentium
1135 3628 1261 3669 ritum
1289 3629 1328 3676 ὃς

283 3672 625 3715 consuetudinem
651 3681 989 3726 emitterelibere
1013 3685 1173 3728 &licite
1189 3685 1328 3733 valea-

286 3731 338 3770 tis
357 3760 370 3780 ,
399 3732 453 3772 ita
477 3743 609 3775 tamen
625 3761 638 3783 ,
662 3737 767 3789 quod
784 3740 865 3780 Vos
890 3742 926 3780 &
949 3756 1021 3795 pro
1038 3755 1224 3799 tempore
1238 3745 1326 3786 exi-

282 3788 428 3835 stentes
453 3789 570 3848 ipsius
586 3795 821 3838 Monasterii
848 3800 1049 3845 Moniales
1077 3817 1126 3851 ex
1144 3817 1324 3861 quacun-

1080 201 1677 293 ·Provincic“t

1424 338 1506 378 que
1536 322 1601 368 vel
1635 319 1879 364 infirmitatis
1892 345 1906 368 ,
1937 317 2002 361 vel
2017 317 2094 362 alia
2109 318 2250 378 quavis
2265 321 2474 379 urgentis]-

1424 381 1517 429 ,sima
1541 381 1655 427 causa
1676 381 1828 426 dietum,
1849 379 2126 422 monisterium
2148 382 2291 434 exire,
2321 393 2390 426 aut
2420 383 2471 425 ab

1420 454 1472 486 eo
1485 440 1699 483 discedere
1714 468 1727 490 ,
1743 440 1867 485 etiam
1885 439 1937 480 de
1954 437 2162 481 modernae
2178 467 2192 490 ,
2206 441 2247 481 δι
2277 455 2350 495 pro
2365 454 2472 486 tem-

1418 513 1520 557 pore
1547 498 1755 540 existe'ntis
1769 525 1782 547 ,
1799 497 1918 554 ipsius
1938 498 2171 540 Monasterii
2191 498 2403 543 Abbatiffae
2419 500 2474 543 li-

1425 558 1561 599 centia
1585 557 1699 599 nullo
1712 571 1889 616 unquam
1907 566 2095 611 tempore
2111 555 2258 612 poffitis
2279 559 2319 600 &
2336 559 2474 601 valea-

1424 617 1476 662 tis
1489 643 1502 665 ,
1521 615 1823 663 AueloritateA
1833 614 2043 669 postolici,
2058 626 2200 658 tenore
2216 617 2471 669 praesentium

1422 675 1687 721 concedimus
1714 675 1754 715 δε
1779 673 2061 728 indulgemus,
2091 688 2136 716 ac
2161 673 2333 729 singulas
2351 675 2470 719 litte-

1421 748 1487 776 ras
1514 733 1720 788 praedietas
1735 733 1839 775 adid
1856 733 2114 779 extendimus
2141 735 2181 774 &
2199 734 2440 788 ampliamus
2455 762 2471 785 ,

1423 806 1501 834 non
1518 791 1765 836 obstantibus
1784 792 1980 848 praemiffis
1994 819 2008 842 ,
2034 807 2079 834 ac
2095 793 2471 836 constitutionibus

1419 853 1459 892 &
1475 849 1809 897 Ordinationibus
1835 852 2073 904 Apostolicis
2089 881 2102 903 ‚
2128 865 2201 893 nec
2234 865 2314 894 non
2341 852 2471 895 omni.

1418 912 1494 953 bus
1509 908 1590 949 illis
1606 935 1620 958 ,
1634 922 1719 965 quae
1733 909 1861 955 dictus
1880 910 2148 956 Praedeceffor
2163 911 2203 954 in
2215 909 2375 966 singulis
2401 911 2468 952 lit-

1418 969 1515 1013 teris
1545 967 1740 1022 praediffis
1771 968 1901 1010 voluit
1926 984 2007 1013 non
2022 969 2207 1022 obstare,
2230 969 2466 1026 caeterisque

1419 1025 1641 1070 contrariis
1658 1025 1963 1082 quibuscunque
1980 1055 1992 1066 .
2172 1041 2174 1043 ’

1478 1089 1632 1129 Datum
1661 1087 1802 1127 Romae
1823 1084 1930 1140 apud
1948 1086 1988 1127 S.
2005 1086 2190 1129 Marcum
2216 1086 2285 1133 sub
2304 1088 2470 1130 Annulo

1420 1143 1641 1191 Piscator-is
1666 1143 1736 1186 die
1765 1157 1832 1187 tv.
1849 1143 2101 1199 Septembris
2129 1160 2268 1189 monv-
2296 1144 2469 1189 Pontifi-

1419 1203 1533 1256 catfis
1559 1202 1681 1247 nostri
1696 1205 1819 1254 Anno
1833 1203 1991 1258 primo·

1941 1322 2004 1381 Jo:
2031 1321 2205 1377 Baregui
2221 1350 2234 1362 .

1477 1439 1603 1483 Breve
1628 1439 1804 1495 format.
1835 1440 1878 1482 in
1906 1439 2080 1483 Archivo
2107 1437 2340 1492 Monasterii
2375 1441 2469 1480 Mo-

1533 1498 1700 1540 mulium
1715 1527 1729 1549 ,
1750 1499 1794 1540 de
1819 1512 1893 1553 quo
1907 1499 2102 1553 exemplar
2116 1492 2226 1539 au'th.
2241 1502 2283 1538 in
2299 1497 2468 1539 Archive

1534 1555 1666 1609 Rehg.
1684 1561 1889 1600 Armorio.
1905 1557 2122 1606 Provincia
2140 1556 2427 1613 Neapolitana.

2350 1696 2468 1711 —

1410 1810 1474 1864 Et
1485 1806 1763 1857 Mulieribus
1774 1805 2269 1874 quibuscunque,etiam
2285 1809 2467 1858 Monia-

1480 1877 1600 1927 libus
1614 1913 1630 1935 ,
1648 1876 1980 1927 Monasterium
2000 1876 2177 1946 ingredi
2197 1911 2213 1934 ,
2231 1875 2466 1944 &Judici-

1482 1946 1566 2005 bus
1597 1946 1812 2000 Personas
1837 1948 1895 1998 ad
1913 1947 1959 1999 id
1988 1949 2189 2022 relegare
2218 1947 2431 2017 prohibet
2445 1985 2465 2000 „

1523 2074 1816 2137 PIUS
1921 2081 2200 2131 PAPA
2292 2082 2360 2130 v.

1543 2209 1713 2257 Ditem·
1742 2212 1787 2251 t‘n
1819 2207 1972 2265 christo
2004 2207 2124 2252 Filiae
2147 2208 2331 2266 salutem

1598 2270 1647 2323 β’
1662 2268 1920 2331 Apostolicam
1935 2267 2245 2311 Benediflionem
2255 2295 2268 2309 .

1509 2387 1646 2443 Xponi
1662 2387 1790 2432 Nobis
1806 2402 1937 2444 nuper
1953 2385 2117 2438 fecistis,
2133 2384 2243 2441 quod
2262 2397 2353 2426 cum
2369 2385 2458 2428 Vos

1408 2389 1504 2505 E
1538 2447 1589 2488 ad
1609 2457 1768 2490 certum
1785 2445 2025 2503 praefinitum
2041 2458 2255 2490 numerum
2273 2443 2311 2485 in
2326 2444 2460 2487 vestro

1404 2506 1659 2547 Monasterio
1673 2506 1857 2562 degatis,
1872 2507 1966 2547 &in
1983 2501 2190 2550 arctissima
2209 2505 2290 2545 vita
2305 2516 2349 2545 ac
2369 2516 2458 2558 per.

1402 2574 1526 2625 petua
1541 2564 1724 2614 clausura
1742 2563 2350 2622 gratmnAltiffimO‚Virtutum
2371 2564 2457 2604 Do-

1404 2624 1514 2665 mino
1527 2622 1770 2670 famulatum
1785 2624 1942 2670 ,devote
1965 2624 2163 2666 exhibere
2180 2620 2370 2664 studeatis
2385 2650 2400 2671 ,
2417 2623 2458 2663 &

1399 2692 1621 2738 propterea
1637 2684 1880 2740 inRegulari
1897 2682 2166 2726 Observantia
2188 2679 2337 2723 affidue
2361 2694 2459 2734 per-

1402 2739 1633 2789 severantes
1649 2757 1791 2785 omnes
1807 2741 2036 2788 occafiones
2053 2741 2196 2796 fugere
2212 2740 2416 2785 conemini
2431 2769 2451 2791 ‚

1401 2810 1572 2856 propter
1595 2817 1695 2858 quas
1721 2803 1742 2843 a
1760 2801 2033 2857 Regularibus
2052 2802 2141 2841 vitae
2168 2801 2205 2841 δι
2228 2799 2454 2845 observan—

1401 2860 1466 2906 tiae
1485 2861 1622 2903 vestrae
1646 2862 1837 2904 institutis
1864 2860 2053 2910 retrahi,
2078 2859 2197 2905 ,velin
2223 2857 2305 2905 illis
2324 2858 2456 2912 impe-

1401 2917 1480 2959 diri
1506 2919 1703 2963 valeatis:
1729 2921 1990 2964 nihilominus
2015 2918 2208 2960 dubitatis
2231 2917 2454 2972 quietem..-

1400 2979 1794 3033 &tranquillitatem
1820 2979 1994 3022 vestram
2015 2975 2242 3032 hujusmodi
2257 2973 2450 3034 aliquan-

1400 3035 1456 3078 do
1483 3050 1732 3093 magnopere
1757 3037 2016 3094 perturbari,
2049 3033 2385 3091 conscientiaeque
2409 3035 2452 3076 &

1400 3094 1622 3142 animarum
1655 3096 1880 3143 vestrarum
1917 3095 2033 3139 saluti
2058 3107 2184 3148 grave
2212 3092 2451 3150 periculum

1398 3154 1613 3198 imminere
1634 3181 1650 3204 ,
1688 3169 1734 3197 ac
1767 3170 1843 3198 non
1874 3154 2087 3197 mediocre
2117 3152 2447 3204 detrimentum,

1399 3213 1496 3258 dum
1523 3213 1772 3258 orationibus
1798 3213 1850 3256 ad
1870 3217 2003 3256 Deum
2032 3211 2287 3255 effundendis
2313 3211 2448 3267 qnoti-

1397 3272 1467 3316 die
1494 3285 1638 3314 vacare
1663 3286 1745 3315 non
1773 3271 1928 3316 cessatis
1946 3303 1961 3323 ,
1986 3269 2131 3314 inferri
2156 3270 2288 3328 poffe,
2316 3272 2343 3317 fi
2368 3270 2446 3313 ali-

1396 3333 1538 3388 quibus
1563 3330 1746 3374 Personis
1774 3341 1856 3375 tam
1888 3331 2128 3377 Mulieribus
2156 3329 2441 3379 secularibus,

1391 3390 1509 3446 quam
1533 3391 1655 3433 etiam
1672 3391 1943 3443 Monialibus,
1969 3390 2240 3447 cujuscunque
2269 3387 2436 3430 Ordinis

1392 3451 1654 3506 permittatur
1666 3479 1680 3502 ,
1694 3450 1761 3494 seu
1778 3451 1945 3498 licentia
1964 3451 2068 3492 intra
2084 3448 2194 3504 septa
2210 3445 2330 3491 vestri
2345 3448 2438 3488 Mo-

1391 3509 1550 3556 nasterii
1562 3509 1821 3564 ingrediendi
1837 3508 2102 3558 concedatur,
2119 3516 2186 3548 aut
2204 3505 2226 3546 fi
2243 3504 2322 3546 illae
2339 3519 2436 3560 pro·

1390 3578 1484 3624 pter
1513 3582 1799 3624 quamcunque
1825 3567 1980 3612 causam
2009 3565 2074 3609 vel
2101 3563 2294 3606 deliflum
2321 3564 2359 3605 in
2383 3577 2436 3605 eo

1390 3626 1675 3682 deponantur,
1708 3628 1774 3675 vel
1807 3628 2155 3671 intromittantur.
2186 3625 2326 3680 Qare
2352 3636 2435 3666 ma.

1388 3687 1572 3745 gnopere
1599 3686 1840 3735 desideratis
1867 3715 1881 3738 ,
1914 3700 1962 3728 ne
1987 3683 2131 3739 quietis
2162 3683 2298 3724 vestrae
2323 3683 2433 3724 ratio

1385 3746 1655 3800 perturbetur
1671 3776 1685 3798 ,
1719 3745 1836 3802 super
1860 3745 1919 3788 his
1947 3756 2019 3798 per
2041 3747 2126 3786 Nos
2150 3751 2430 3797 opportunum

1385 3804 1617 3854 remedium
1642 3804 1858 3855 adhiberi,
1886 3806 1924 3853 &
1950 3802 2046 3846 ideo
2061 3802 2189 3850 Nobis
2216 3799 2428 3902 hu‘rniliter

2290 3872 2366 3915 up,-
