2664 4114
392 300 554 390 132
731 384 737 387 μ

318 395 575 450 Refiduum
626 384 787 458 Legati
827 381 895 435 Pii
936 379 1115 432 fabricae
1160 383 1210 437 <Sc
1260 390 1340 438 sa.

386 465 547 517 cristiae
577 459 758 513 Domfis
783 459 1039 508 Tarentinae
1072 455 1217 505 reliffl
1252 459 1341 507 in„

384 533 665 588 necesfitates
693 527 949 582 Provinciae
978 528 1161 598 erogari
1195 528 1342 578 indul-

382 620 466 678 get
480 641 493 656 .

349 775 385 817 Α
408 778 553 826 tergo:
592 766 811 870 νιηενῗὶἶί
842 769 987 834 Fratri
1009 763 1303 823 Archiepifiopq

748 837 924 871 arentm.

301 962 827 1023 URBANUS
898 959 1122 1011 PAPA
1177 955 1332 1005 VIII.

339 1110 575 1158 Venerabilis
601 1111 751 1154 Frater
761 1107 942 1166 filatem
968 1105 1017 1154 ὅ
1044 1099 1303 1160 Apostolicam

653 1164 955 1210 Benediflioncm
969 1192 982 1206 .

431 1339 469 1381 U
482 1338 526 1380 M
543 1363 557 1387 ,
582 1333 677 1376 ficut
695 1332 865 1375 dilectus
895 1329 1018 1372 Filius
1034 1324 1216 1370 Minister
1232 1327 1335 1367 Pro-

446 1393 628 1436 vincialis
669 1395 854 1434 Fratrum
883 1387 1048 1430 Ordinis
1088 1386 1334 1427 Minorum.)

299 1459 342 1500 S.
354 1450 553 1496 Francisci
565 1450 867 1505 Capucinorum
879 1445 1332 1501 nuncupatorum,Pro·

301 1512 442 1556 vinciae
458 1510 740 1565 Hydruntinae,
756 1506 884 1549 Nobis
903 1517 1032 1561 nuper
1052 1501 1200 1557 exponi
1215 1498 1332 1552 fecit,

308 1572 527 1628 quingenta
561 1567 672 1611 scuta
701 1563 1062 1619 DomuiRegulari
1092 1559 1329 1605 eorumdem

307 1633 500 1675 Fratrum
523 1627 736 1670 Tarentin.
765 1625 802 1666 in
827 1622 938 1666 illius
967 1621 1162 1663 fabricam
1187 1622 1227 1662 &
1259 1625 1328 1663 Sa-

304 1689 447 1734 cristiae
462 1685 714 1730 necessitates
728 1680 993 1738 expendenda
1007 1680 1146 1724 relicta
1160 1679 1328 1729 fuerint,

304 1748 410 1791 dista
442 1746 542 1789 vero
560 1747 713 1787 Domus
729 1741 943 1797 Regularis
970 1739 1022 1782 ad
1044 1736 1253 1795 praemiffos
1267 1732 1328 1780 ef-

300 1805 430 1849 fectus
457 1804 610 1848 modica
635 1815 893 1860 pecuniarum
925 1798 1151 1856 hujusmodi
1174 1797 1324 1840 summa

299 1865 484 1920 indigeat
510 1892 522 1916 ,
559 1861 771 1919 permultis
802 1870 939 1903 autem
969 1857 1112 1902 diversi
1144 1854 1324 1914 ejusdem

298 1924 520 1969 Provinciae
539 1925 796 1972 Conventus,
807 1919 904 1962 dieti
917 1917 1221 1968 Ordinis‚terrae
1235 1929 1328 1971 pre-

300 1992 465 2026 mantur
491 1980 678 2037 angustiis
704 2006 718 2029 ³
749 1979 891 2033 quibus
923 1976 1130 2034 provideri
1157 1975 1326 2031 nequit3

297 2041 430 2086 Nobis
466 2051 657 2096 proptera
692 2038 821 2081 dietus
847 2037 1027 2079 Minister
1058 2033 1326 2079 provincialis

297 2099 507 2144 humiliter
547 2097 760 2154 supplicari
799 2094 896 2138 fecit
918 2124 932 2148 ,
974 2105 1019 2136 ut
1045 2094 1328 2138 eorumdem-0

295 2162 590 2203 Conventuum
607 2154 863 2199 necessitates
885 2153 1108 2210 hujusmodi
1134 2155 1266 2210 aliqua
1285 2153 1326 2194 in

296 2227 416 2276 parte
431 2215 640 2259 sublevare
663 2215 716 2259 de
728 2214 987 2270 benignitate
1000 2213 1233 2270 Apostolica
1262 2211 1326 2254 di-

297 2289 542 2334 gnaremur.
1137 2315 1140 2318 ,

358 2338 444 2378 Nos
469 2335 591 2389 igitur
623 2331 810 2376 eumdem
838 2331 1062 2374 Ministrum
1084 2331 1323 2376 Provincia-

297 2394 383 2438 lem
421 2392 661 2448 specialibus
687 2393 762 2433 &c-
798 2390 1017 2442 volentes,
1042 2392 1082 2432 &
1104 2396 1127 2435 a
1159 2388 1324 2448 quibus-

294 2455 357 2496 vis
373 2454 450 2494 &c-
481 2449 694 2494 censentes
713 2481 727 2502 ,
763 2449 989 2505 hujusmodi
1021 2449 1323 2507 supplicationi·

294 2513 373 2555 bus
403 2510 616 2562 inclinati,
643 2510 907 2553 Fraternitati
934 2512 1028 2553 Tuae
1051 2524 1125 2566 per
1149 2508 1322 2566 praesen-

291 2579 357 2614 tes
401 2570 691 2613 committimus
735 2571 773 2611 &
808 2569 1044 2614 mandamus
1072 2599 1088 2621 ,
1119 2574 1322 2626 quatenus

293 2629 467 2671 constito
495 2628 586 2670 Tibi
617 2626 672 2670 de
700 2627 898 2682 praemiffis
923 2655 938 2678 ‚
974 2628 1108 2670 eidem
1136 2629 1321 2672 Ministro

293 2687 568 2737 Provinciali³
599 2685 708 2741 quod
738 2685 815 2741 ipse
838 2687 890 2729 de
908 2685 1097 2729 consensu
1117 2687 1319 2730 Diffinito-

292 2746 343 2789 rii
371 2745 481 2787 dietae
509 2745 758 2794 Provinciae,
788 2745 1079 2800 ac,postquam
1097 2744 1255 2789 fabricae
1283 2749 1322 2790 δι

297 2804 496 2848 Sacristiae
527 2802 638 2845 dietae
670 2801 820 2845 Domus
850 2805 1069 2860 Regularis
1102 2805 1321 2849 neceffitati

296 2875 349 2904 ex
379 2862 559 2917 pecuniis
600 2861 723 2917 legati
749 2861 973 2918 hujusmodi
1002 2865 1163 2907 abunde
1199 2865 1322 2910 fuerit

292 2917 545 2964 satisfactum
563 2950 576 2973 ‚
609 2921 770 2963 illarum
788 2921 946 2965 residuo
964 2924 1001 2965 in
1017 2923 1111 2966 alias
1127 2927 1320 2968 Conven-

295 2988 413 3024 tuum
441 2980 553 3022 dictae
583 2980 798 3023 Provinciae
826 2981 1078 3024 neceffitates
1102 2984 1190 3035 uti,
1224 2983 1319 3028 illis-

294 3054 375 3095 que
401 3038 623 3097 providere
649 3038 776 3081 libere
797 3041 837 3082 &
864 3040 977 3083 licite
1007 3040 1119 3096 poffit
1138 3070 1151 3092 ,
1181 3045 1222 3084 &
1251 3059 1318 3089 va-

297 3097 409 3151 leat,
439 3098 677 3142 auctoritate
696 3099 826 3142 nostra
851 3099 1082 3155 Apostolica
1111 3099 1320 3146 licentiam

299 3157 500 3200 concedas
517 3185 528 3197 .
561 3161 655 3200 Non
687 3159 836 3201 obstan.
853 3188 868 3212 ‚
893 3168 1092 3215 quatenus
1121 3173 1219 3216 opus
1244 3162 1289 3206 sit
1305 3193 1320 3216 ,

300 3213 374 3254 fel.
391 3214 554 3256 record.
570 3215 680 3259 Pauli
699 3217 856 3270 PP.11.,
869 3219 909 3259 δι
924 3218 1094 3261 aliorum
1111 3221 1319 3265 Romano-

301 3283 389 3311 rum
410 3271 647 3316 Pontificum
663 3274 1000 3320 Praedeceisorum
1028 3277 1252 3322 nostrorum
1268 3281 1320 3326 de

304 3328 430 3391 rebus
450 3330 630 3373 Ecclesiae
644 3347 722 3375 non
744 3334 966 3378 alienandis
980 3361 994 3384 2
1026 3335 1190 3392 aliisque
1206 3342 1320 3382 Con..

302 3385 572 3452 stitutionibus
587 3391 624 3429 &
638 3391 965 3437 ordinationibus
982 3396 1222 3449 Apostolicis
1235 3427 1249 3450 ,
1274 3412 1320 3441 ac

301 3456 444 3484 eorum
462 3471 476 3493 a
494 3457 570 3508 ‘qut
594 3449 779 3500 pecunias
803 3452 1022 3507 hujusmodi
1050 3452 1292 3510 legaverunt
1307 3485 1321 3508 ‚

301 3499 577 3564 V9¹1¹n²³¹¹bu⁵
595 3530 608 3553 ³
627 3518 724 3558 <1⁰⁸8
751 3508 852 3552 im&
866 3511 997 3567 quoad
1013 3512 1200 3566 praemiffa
1217 3515 1321 3557 suffi-

301 3567 461 3623 cienter
474 3571 757 3622 commutamus
772 3594 786 3617 ,
801 3583 876 3612 nec
894 3584 972 3613 non
990 3571 1154 3615 Ordinis
1166 3575 1206 3616 δι
1219 3577 1318 3617 Pro.

302 3626 444 3680 vinciae
474 3616 694 3680 huiusmodi
710 3647 724 3668 ,
750 3624 945 3683 distaequae
967 3629 1120 3672 Domus
1141 3634 1319 3690 Regula·

299 3686 387 3738 ¹⁶¹⁵!
423 3675 464 3713 &
490 3673 657 3717 aflorum
689 3681 971 3730 Conventuurn
999 3690 1276 3743 praedictorum
1303 3721 1317 3744 ,

301 3741 425 3797 etiarn
440 3734 531 3799 δίε.ι
548 3733 910 3786 Consuetudinibus
929 3773 944 3797 ,
971 3750 1204 3805 caeterisque
1217 3765 1318 3794 con-

305 3798 438 3831 trariis
466 3790 801 3849 quibuscumque.

360 3849 511 3891 Datum
545 3852 681 3892 Romae
706 3855 811 3908 apud
843 3860 1025 3905 San-stum
1051 3866 1219 3910 Petrum
1247 3867 1315 3911 sub

1138 262 1682 352 Provincia

1397 383 1567 427 Annulo
1582 383 1725 425 vulcat.
1736 378 1804 423 die
1819 375 2444 437 v111.Juniimnch1.Pontif.

1399 444 1522 489 nostri
1545 446 1667 486 Anno
1683 442 1847 485 decimo
1860 441 2008 485 octavo
2019 467 2031 478 .

1992 501 2053 540 M.
2071 501 2126 541 A.
2140 501 2353 546 Maraldus
2369 533 2384 546 .

1458 623 1519 663 Ex
1534 619 1704 662 Archivo
1723 622 1865 662 secret.
1882 622 1997 662 Brev.
2011 618 2146 677 Apost.
2161 618 2306 678 regesto
2317 621 2441 683 menſs

1518 680 1568 727 ,θ’
1589 682 1685 720 anni
1703 679 1986 734 praedifi'orum
1997 679 2079 738 fol.
2104 691 2143 720 x.

1400 852 1723 923 Manuscripta
1760 860 1836 906 Fr.
1869 859 2101 908 Laurentii
2137 858 2163 907 ὲ
2210 860 2394 910 Matera
2422 877 2442 918 ·,

1470 944 1527 974 ex
1564 925 1696 989 hujus
1734 928 1850 976 Loci
1887 929 2172 979 Bibliotheca
2216 932 2442 991 extrahi,

1463 994 1548 1045 sub
1577 995 1765 1045 censura
1798 995 1848 1048 ὅ(
1879 1015 2016 1066 poena
2045 997 2292 1069 prohibet.

1392 1139 2039 1193 INNOCENTIUS
2101 1141 2312 1192 PAPA
2364 1146 2434 1193 X.

1580 1267 1650 1312 Ad
1665 1263 1864 1326 futuram
1892 1269 1954 1311 ree·
1984 1265 2212 1312 memoriam
2226 1297 2240 1311 .

1515 1388 1593 1429 Um
1610 1411 1624 1434 2
1655 1385 1753 1429 ficut
1774 1384 1960 1430 Dilectus
1985 1385 2112 1430 Filius
2135 1385 2386 1431 Laurentius
2410 1385 2435 1430 ὲ

1530 1448 1691 1489 Mateta
1704 1445 1871 1489 Ordinis
1898 1448 2085 1489 Fratrum
2101 1446 2307 1490 Minorum
2327 1450 2438 1491 San-

1391 1507 1441 1548 ξὶί
1461 1502 1974 1561 FrancisciCapucinorum
1988 1512 2316 1562 nuncupatorum
2335 1509 2436 1550 Pro.

1391 1563 1513 1608 seffor
1527 1593 1540 1615 ,
1565 1565 1604 1604 &
1622 1564 1751 1606 Verbi
1770 1565 1847 1607 Dei
1865 1564 2104 1608 Praedicator
2121 1592 2136 1615 ‚
2151 1564 2281 1607 Nobis
2301 1579 2433 1622 nuper

1390 1624 1538 1681 exponi
1558 1618 1690 1665 fecit:
1718 1622 1802 1678 ipse
1824 1636 1908 1666 non
1939 1623 2018 1666 sine
2037 1622 2196 1680 magnis
2226 1623 2358 1667 fludio
2386 1625 2427 1667 &

1389 1686 1533 1729 labore
1547 1681 1675 1724 multa
1700 1679 1928 1738 composuit
1944 1710 1958 1734 ,
1971 1695 2019 1725 ac
2035 1685 2230 1724 tractatus
2244 1680 2430 1739 scripfit,

1389 1745 1540 1799 illaque
1580 1739 1815 1784 conservari
1843 1767 1858 1789 ‚
1902 1742 1943 1783 δε
1979 1741 2239 1784 manuteneri
2285 1739 2433 1798 posse,

1387 1803 1647 1857 summopere
1673 1799 1915 1843 desiderat.
1950 1803 2036 1843 Nos
2063 1799 2215 1842 distum
2244 1802 2431 1845 Lauren-

1391 1863 1493 1906 tium
1520 1857 1759 1917 specialibus
1777 1854 1985 1903 favoribus
2011 1861 2052 1901 &
2075 1858 2218 1915 gratiis
2241 1859 2433 1916 prosequi

1390 1921 1581 1965 volentes
1597 1920 1665 1970 ,&
1678 1918 1701 1960 a
1719 1917 1923 1975 quibusvis
1938 1918 2335 1962 excomunicationis
2347 1921 2431 1963 διε.
2479 1964 2484 1970 ,

1388 1983 1429 2023 &
1444 1978 1674 2023 absolutum
1700 1977 1792 2020 fore
1820 1976 2035 2020 censentes
2052 2005 2066 2029 ,
2088 1975 2320 2031 hujusmodi
2336 1978 2431 2033 sup.

1388 2036 1671 2098 plicationibus
1703 2035 1917 2079 inclinati:
1952 2041 2023 2081 Ne·
2049 2036 2104 2078 de
2130 2045 2293 2079 coetero
2318 2035 2430 2093 quis,

1387 2113 1506 2156 quam
1521 2127 1537 2149 ,
1565 2096 1700 2155 quavis
1725 2098 1968 2140 auetoritate
1990 2093 2194 2151 fungens,
2222 2095 2428 2152 composi-

1387 2160 1520 2202 tiones
1546 2185 1561 2208 ,
1591 2158 1631 2199 &
1650 2159 1875 2206 tractatus,
1906 2157 2067 2211 aliaque
2093 2167 2167 2210 per
2192 2153 2427 2199 eumdem.»

1387 2216 1656 2262 Laurentium
1688 2214 1833 2271 scripta
1865 2217 1906 2256 ἃ.
1941 2214 2043 2258 fac‘ta
2067 2213 2106 2255 in
2131 2214 2423 2260 Bibliotheca..-

1387 2274 1543 2320 Domfis
1562 2274 1779 2332 Regularis
1803 2274 2042 2318 eorumdem
2067 2274 2258 2316 Fratrum
2279 2273 2420 2317 Mino-

1385 2351 1475 2379 rum
1489 2336 1789 2390 Capucinorum
1800 2334 1993 2377 Civitatis
2007 2336 2176 2376 Materae
2190 2331 2422 2385 existentia,

1382 2396 1406 2439 ὲ
1422 2395 1676 2438 Bibliotheca
1692 2389 1917 2450 hujusmodi
1931 2392 2075 2449 quovis
2089 2401 2289 2448 praetextu
2300 2418 2315 2442 ,
2328 2405 2425 2436 cau·

1383 2454 1421 2498 sa
1436 2481 1457 2503 ι,
1479 2453 1639 2497 ratione
1657 2481 1671 2503 ‚
1694 2451 1858 2506 ingenio
1873 2479 1887 2502 ,
1916 2452 2091 2500 colore,
2120 2459 2190 2493 aut
2213 2449 2424 2494 occasione

1382 2513 1605 2558 extrahere
1617 2539 1631 2562 ‚
1646 2512 1713 2553 seu
1732 2509 1943 2565 asportare
1954 2536 1969 2560 ‚
1983 2517 2116 2559 aut‚ut
2133 2509 2423 2562 extrahantur,

1381 2573 1452 2617 seu
1475 2571 1745 2628 asportentur,
1762 2567 2323 2624 permittere,quoquomodo
2347 2581 2425 2610 au-

1382 2632 1479 2675 deat
1496 2659 1511 2683 ,
1535 2631 1601 2673 seu
1626 2627 1831 2685 praesumat
1855 2627 1923 2670 sub
1949 2626 2418 2680 excommunicationis,

1382 2707 1428 2735 ac
1455 2688 1694 2748 privationis
1727 2688 1833 2731 vocis
1864 2687 2027 2738 anivae,
2055 2687 2094 2727 δι
2121 2684 2272 2739 paffivae
2298 2686 2422 2742 paenis

1384 2749 1467 2808 ipso
1502 2747 1606 2792 facto
1637 2761 1711 2804 per
1741 2744 2090 2789 contrafacientes
2120 2744 2420 2799 incurrendis,

1383 2809 1636 2855 authoritate
1652 2805 1797 2849 Nostra
1812 2805 2042 2848 Arostolica
2052 2833 2068 2855 ,
2082 2818 2228 2848 tenore
2244 2803 2420 2860 praesen-

1383 2871 1485 2914 tium
1508 2865 1791 2911 interdicimus
1807 2895 1821 2917 ‚
1845 2867 1886 2907 &
1902 2862 2165 2921 probibemus
2182 2894 2194 2904 .
2221 2867 2316 2907 Non
2340 2863 2418 2906 ob-

1382 2929 1575 2972 stantibus
1601 2925 1976 2969 Constitutionibus
2001 2925 2041 2966 &
2068 2923 2414 2966 ordinationibus

1380 2986 1624 3046 Apostolicis
1639 3013 1653 3036 ‚
1666 2986 1721 3034 &2
1741 2994 1944 3041 quatenus
1968 2996 2070 3038 opus
2084 2981 2147 3031 fit,
2165 2979 2318 3024 Domus
2331 3009 2347 3033 ‚
2373 2983 2416 3025 δε

1380 3048 1547 3091 Ordinis
1567 3044 1823 3101 praefatorum
1839 3072 1855 3094 ,
1877 3043 2003 3086 etiam
2023 3040 2258 3098 juramento
2272 3068 2286 3091 ‚
2313 3054 2414 3083 con·-

1380 3107 1613 3151 firmatione
1633 3102 1893 3158 Apostolica·‚
1922 3099 1988 3143 vel
2010 3101 2151 3156 quavis
2175 3097 2413 3144 firmitate)

1380 3167 1458 3211 alia
1493 3162 1691 3207 roboratis
1723 3161 1875 3203 statutis
1894 3187 1908 3211 ‚
1945 3161 1982 3200 &
2013 3157 2410 3210 consuetudinibus,

1380 3222 1630 3280 coeterisque
1656 3220 1871 3263 contrariis
1899 3216 2245 3274 quibuscumque.
2275 3219 2410 3261 Volu-

1380 3298 1465 3327 mus
1489 3291 1651 3330 autem,
1674 3278 1785 3335 qubd
1808 3277 2009 3335 praesentis
2035 3277 2321 3333 prohibitionis
2337 3291 2412 3319 co-

1380 3344 1444 3400 pia
1471 3341 1511 3383 in
1539 3339 1667 3382 valvis
1696 3338 1812 3382 dietae
1839 3337 2103 3379 Bibliothecae
2124 3364 2139 3388 ‚
2171 3344 2244 3379 aut
2272 3336 2411 3391 aliquo

1381 3402 1462 3444 alio
1477 3400 1569 3442 loco
1585 3395 1827 3453 perspicuo,
1846 3405 1891 3437 ut
1909 3397 1958 3437 ab
1972 3396 2162 3438 omnibus
2179 3395 2298 3437 cerni
2318 3392 2414 3448 pos-

1380 3461 1426 3503 fit
1441 3488 1457 3510 ,
1471 3457 1669 3501 continuo
1683 3455 1797 3499 affixa
1820 3463 2028 3498 remaneat
2045 3481 2058 3494 .
2092 3456 2244 3495 Datum
2273 3454 2413 3493 Romae

1379 3516 1487 3574 apud
1515 3518 1697 3560 San6tam
1720 3515 1891 3558 Mariam
1912 3513 2113 3570 Majorem
2146 3512 2215 3553 sub
2244 3509 2413 3554 Annulo

1378 3574 1594 3619 Piscatoris
1619 3573 1690 3615 die
1711 3587 1779 3616 ιι.
1802 3572 1900 3615 Maii
1922 3582 2163 3615 mncxrvn.
2187 3567 2409 3614 Pontifica-

1379 3644 1445 3679 tus
1474 3631 1611 3679 Nostri
1628 3635 1748 3676 Anno
1763 3631 1912 3674 Tertio
1932 3657 1945 3673 .

1963 3690 2024 3730 Μ.
2042 3689 2093 3730 Α.
2109 3686 2323 3732 Maraldus
2339 3718 2352 3730 .

1436 3815 1495 3857 Ex
1512 3806 1685 3853 Archivo
1711 3810 1855 3849 Secret.
1883 3805 2068 3847 Brevium
2088 3806 2220 3866 Apost.
2252 3804 2408 3864 Regcsso

1494 3868 1615 3929 menſs
1631 3868 1684 3920 ὢν
1700 3870 1797 3910 anni
1813 3865 1940 3922 praed.
1954 3864 2037 3926 fol.
2055 3876 2148 3917 ¹75·
2248 3927 2329 3968 ΝΟ
