2664 4114
416 233 592 312 080

360 346 406 386 7δι
432 343 610 386 viridarii
632 370 646 392 ‚
665 338 864 380 'Cisternae
891 340 907 387 ,'
955 336 1233 380 membrorum
1259 368 1273 390 ,
1315 338 1376 393 ju-

359 404 467 444 .1jum
482 430 498 452 ,
528 403 566 441 ὃς
583 398 911 454 pertinentiarum
928 394 1082 437 suarum
1098 397 1374 449 praedictarum

368 461 494 501 libere
519 458 851 513 apprehendere,
883 455 921 494 δι
944 455 1142 508 perpetuo
1169 457 1381 504 retinere,

367 532 410 559 ac
425 516 522 558 inibi
535 515 814 561 infirmariam,
827 522 870 551 ut
887 509 1115 567 praefertur,
1130 513 1381 564 construere,

364 589 443 618 nec
467 577 599 615 nonin
615 572 753 613 eadem
772 570 950 613 Ecclesia
967 571 1095 612 Mitras
1118 571 1157 612 δι
1178 571 1256 612 alia
1272 571 1378 612 divi-

367 646 415 674 na
441 632 564 673 officia
590 630 831 676 celebrare,
862 630 985 671 etiam
1013 627 1240 671 Dioecesani
1271 628 1380 680 loci,

367 689 431 731 vel
447 688 611 741 cujuivis
627 685 794 728 licentia
807 686 983 743 desuper
996 687 1159 730 minime
1175 686 1380 744 requisita'i,

355 748 415 786 -de
441 747 551 787 dictae
567 744 750 787 Ecclcfiae
767 749 1036 789 Patronorum
1059 744 1278 795 consensu,
1308 759 1379 788 au-

355 806 552 845 ctoritate
579 803 807 860 Apostolica
837 806 1039 860 perpetuo
1064 805 1224 855 univit,
1255 817 1381 847 anne·

363 863 447 903 xuit
472 865 511 903 &
540 862 810 917 incorporavit
838 892 852 915 ,
884 863 949 905 seu
975 863 1099 905 etiam
1125 862 1314 906 conceffit
1341 863 1382 904 &

363 921 564 977 assignavit
591 951 605 973 ,
636 932 752 976 prout
786 921 825 961 in
865 922 996 965 literis
1034 920 1150 977 ipfius
1185 921 1379 977 Gregorii

362 980 665 1023 Praedecefforis
693 980 758 1023 sub
780 979 946 1034 plumbo
977 980 1149 1035 desuper
1176 979 1379 1036 expeditis

362 1038 519 1094 plenius
549 1040 809 1081 continetur.
840 1042 893 1082 Et
922 1040 1014 1096 quia
1040 1039 1220 1092 praediCta
1245 1038 1295 1080 ad
1321 1031 1382 1078 fa-

361 1098 513 1139 bricam
537 1097 892 1141 dinaelnfirmariae
916 1113 992 1140 non
1011 1097 1257 1141 sufficiebant
1273 1126 1287 1149 ,
1319 1096 1381 1138 di·

359 1151 409 1198 'eti
429 1158 587 1200 Fratres
604 1158 674 1213 piis
689 1155 1015 1201 christifidelium
1027 1156 1280 1200 eleemofinis
1295 1166 1377 1198 ter-

361 1230 501 1261 renum
519 1248 533 1268 ,
562 1218 601 1258 &
626 1217 777 1272 aliquot
807 1215 947 1259 domos
979 1217 1128 1259 vicinas
1157 1225 1375 1265 emerunt,

357 1276 399 1323 ,ὃς
415 1272 487 1317 suis
504 1276 791 1330 labore,opera
805 1304 820 1327 ‚
836 1278 875 1318 ὃς
889 1275 1077 1319 industria
1094 1274 1375 1324 lufirmariam,

359 1346 435 1388 qua
450 1335 635 1376 hactenus
650 1335 701 1376 uli
722 1333 806 1375 sunt
821 1363 834 1384 ‚
869 1335 1177 1377 construxerunt
1196 1348 1207 1376 :
1240 1336 1278 1375 &
1302 1332 1377 1374 de-

359 1391 453 1434 inde
481 1394 539 1434 his
557 1393 664 1433 annis
692 1394 873 1448 proxime
896 1393 1035 1449 elapfis
1062 1393 1262 1450 quondam
1278 1391 1379 1433 Hie-

359 1468 545 1510 ronymus
567 1455 716 1495 Comes
742 1453 779 1494 in
797 1451 866 1494 suo
878 1452 1041 1503 ultimo,
1059 1452 1166 1509 quod
1181 1448 1379 1500 condidit,

358 1517 598 1560 testamento
621 1525 806 1568 magnum
823 1512 1033 1568 Hospitale
1060 1508 1277 1553 Meffanen.
1299 1509 1375 1551 hae-

357 1576 497 1619 redem
515 1571 779 1614 universalem
796 1572 992 1612 bonorum
1011 1570 1172 1612 suorum
1188 1567 1371 1614 instituit,

355 1648 443 1678 cum
455 1632 585 1687 pano,
600 1632 710 1683 quod
726 1629 1095 1685 dkstumHosphale
1109 1628 1282 1671 deberet
1297 1625 1372 1668 eis·

354 1693 445 1734 dem
470 1689 678 1732 Fratribus
704 1689 875 1730 construi
891 1689 1025 1731 facere
1049 1701 1166 1729 unam
1195 1699 1371 1728 novam...

356 1749 619 1794 Infirmariam
634 1747 672 1789 in
689 1748 783 1789 loco
795 1749 850 1789 eis
867 1745 1061 1789 beneviso
1079 1747 1117 1787 &
1132 1743 1373 1793 commodo,

353 1812 406 1852 ita
422 1821 585 1857 tamen,
617 1807 723 1860 quod
751 1807 820 1861 ipsi
838 1809 1000 1850 Fratres
1028 1805 1235 1857 antiquam
1255 1801 1372 1845 Infir-

352 1868 515 1911 mariam
547 1866 798 1921 praedieftam‚
829 1879 904 1920 qua
932 1865 1119 1906 haetenus
1147 1861 1198 1905 ufi
1228 1870 1375 1912 erant,

355 1926 485 1969 eidem
509 1923 705 1979 Hospitali
723 1923 999 1967 concederent
1017 1950 1027 1960 ·

411 1989 517 2026 Cum
533 1994 665 2024 autem
681 2011 703 2031 ,
726 1982 824 2025 ficut
845 1983 989 2025 eadem
1006 1980 1201 2036 expositio
1216 1978 1375 2035 subjun-

358 2043 477 2099 gebat
508 2071 521 2093 ‚
552 2041 617 2097 ipsi
651 2042 908 2084 Guardianus
939 2043 975 2083 ἃ,
1005 2043 1168 2083 Fratres
1206 2049 1373 2094 propter

354 2115 536 2156 magnam
562 2100 887 2144 commoditatem
917 2099 1031 2155 hujus
1055 2113 1167 2142 novae
1189 2097 1372 2140 infirma-

357 2161 449 2210 riae,
479 2173 561 2214 quae
579 2158 685 2214 juxta
706 2159 851 2202 dietum
867 2158 1077 2214 Hospitale
1099 2157 1373 2207 construetur,

357 2218 690 2261 deliberaverunt
716 2219 865 2260 didium
891 2219 1070 2273 legatum
1086 2215 1157 2259 sub
1176 2217 1307 2259 nostro
1332 2216 1373 2260 ὃς

357 2276 474 2321 Sedis
497 2276 734 2331 Apostolicae
763 2277 1022 2332 beneplacito
1051 2277 1231 2332 recipere
1254 2303 1267 2326 ‚
1299 2287 1372 2329 pro

354 2345 469 2390 parte
483 2335 703 2378 Guardiani
733 2338 770 2377 &
789 2339 969 2378 Fratrum
986 2336 1262 2391 praediftorum
1283 2336 1371 2376 Νο-

354 2395 415 2436 bis
431 2393 505 2435 fuit
524 2394 731 2436 humiliter
752 2393 1014 2450 supplicatum
1032 2422 1046 2445 ³
1076 2403 1123 2436 ut
1138 2394 1249 2436 eisin
1269 2406 1368 2447 prae-

353 2451 469 2495 missis
489 2454 715 2508 opportune
740 2454 956 2509 providere
980 2454 1034 2495 de
1061 2452 1367 2507 benignitate..-

352 2510 566 2564 apostolica
601 2512 861 2566 dignaremur
889 2540 900 2552 .
934 2515 1018 2554 Nos
1046 2512 1172 2566 igitur
1204 2510 1368 2552 eosdem

354 2568 632 2612 Guardianum
651 2599 666 2619 ,
696 2572 737 2610 ὃς
760 2572 921 2612 Fratres
936 2599 951 2619 ,
979 2584 1023 2612 ac
1040 2583 1182 2611 eorum
1197 2567 1368 2624 singulos

354 2629 375 2668 i
401 2627 599 2681 quibusvis
622 2629 699 2668 διε.
734 2627 940 2669 censentes
968 2652 982 2674 ,
1013 2641 1057 2668 ac
1085 2629 1297 2670 domorum
1329 2628 1368 2668 &

356 2685 508 2726 terreni
535 2685 810 2736 praedictorum
846 2683 1075 2726 fituationes
1101 2713 1115 2735 ,
1156 2685 1330 2728 confines
1353 2714 1367 2736 ,

356 2741 547 2783 vocabula
572 2770 586 2790 ,
627 2742 975 2784 denominationes
1000 2771 1014 2793 ‚
1055 2744 1094 2785 &
1122 2743 1365 2799 qualitatcs3

356 2813 512 2842 necnon
528 2799 734 2841 literarum
760 2800 1039 2843 &testamenti
1056 2801 1278 2856 hujusmodi
1302 2813 1366 2844 te-

355 2871 475 2899 nores
491 2854 738 2912 praesentibus
759 2874 830 2912 pro
852 2859 1038 2914 expressis
1055 2862 1249 2903 habentes
1265 2890 1278 2912 2
1295 2863 1366 2903 hu-

356 2915 524 2972 jusmodi
545 2915 888 2971 supplicationibus
907 2918 1113 2975 inclinati,
1146 2919 1366 2964 Discretio-

355 2975 456 3016 tioni
474 2984 549 3016 tuae
570 2989 641 3029 per
656 2974 862 3029 praescntes
889 2977 1174 3021 committimus
1202 2980 1366 3022 &man—

355 3032 494 3075 damus
511 3062 526 3082 ,
559 3044 751 3088 quatenus
771 3060 785 3082 ‚
818 3033 844 3076 fi
871 3035 927 3076 est
949 3034 1003 3077 ita
1024 3062 1040 3085 ς,
1071 3035 1369 3083 luminariam-2

358 3091 558 3146 antiquam
576 3105 665 3132 cum
681 3091 755 3133 suis
770 3092 952 3135 domibus
969 3119 984 3142 2
1015 3104 1182 3137 terreno
1195 3123 1208 3145 ‚
1228 3097 1266 3136 &
1281 3095 1368 3137 aliis

358 3148 507 3202 juribus
522 3151 560 3190 &
574 3150 823 3204 pertinentiis
839 3153 888 3194 ab
900 3151 1369 3197 eademDomoFratrum

353 3207 655 3256 Capucinorum
699 3212 957 3254 Austoritate
987 3212 1131 3254 Nostra
1171 3224 1368 3266 perpetuo

363 3260 618 3307 dismembres
635 3266 845 3321 &separes
859 3295 873 3317 ‚
906 3268 1098 3324 illamque
1113 3269 1162 3313 sic
1180 3269 1367 3313 dismem-

361 3319 511 3361 bratam
537 3324 576 3363 &
603 3322 818 3376 separatam
843 3326 978 3370 eidem
1006 3342 1154 3384 magno
1167 3328 1365 3385 Hospitali

363 3386 559 3441 perpetuo
593 3383 786 3423 concedas
807 3411 822 3432 ‚
863 3386 918 3426 ita
959 3387 1068 3442 quod
1106 3387 1225 3429 liceat
1254 3388 1365 3431 dieto

363 3433 588 3498 Hospitah,
615 3437 655 3476 &
680 3437 784 3483 illius
804 3443 995 3492 Renori,
1027 3442 1091 3487 seu
1106 3445 1365 3489 Administra-

363 3498 441 3530 tori
458 3518 471 3538 2
502 3501 564 3531 aut
583 3495 778 3545 quibusvis
792 3501 879 3542 aliis
897 3503 1149 3557 corporalem
1171 3532 1184 3553 ‚
1213 3505 1363 3548 realem

361 3546 401 3585 δι
414 3548 605 3612 astualem
633 3549 897 3603 poiseffionem
911 3562 1082 3616 antiquae
1103 3562 1335 3604 Infirniariae
1348 3591 1362 3613 ‚

366 3603 406 3643 ὅ(
430 3604 534 3668 lllffls
561 3606 766 3670 domorum
790 3614 828 3653 δι
852 3621 1001 3662 terreni
1028 3645 1042 3668 5
1072 3633 1116 3661 ac
1151 3618 1295 3675 jurium
1320 3623 1359 3665 δε

367 3671 694 3715 Pefflnem'a‘uffl
717 3670 873 3723 propria
898 3679 1132 3719 auctoritate
1147 3678 1274 3720 libert:
1290 3693 1357 3733 ap-

362 3718 615 3782 Rrehessdere
629 3747 643 3770 a
661 3735 704 3763 ³⁶
718 3724 755 3766 in
772 3726 885 3778 ipfius
900 3732 1114 3789 Hospitalis
1130 3735 1215 3778 usus
1229 3738 1267 3778 δι
1281 3739 1359 3779 utf-

359 3774 513 3818 ¹¹¹²¹em
525 3789 777 3831 convertere,
794 3786 1017 3833 Dioccesani
1034 3793 1130 3844 loci,
1146 3805 1215 3838 aut
1229 3796 1358 3854 cujus-

1177 223 1727 309 Provincia

1438 339 1498 379 vis
1516 338 1682 380 alterius
1705 332 1871 377 licentia
1886 332 2057 389 desuper
2072 336 2232 379 minimi:
2255 339 2444 394 requisita*
2458 370 2470 382 .

1439 398 1634 452 Denique
1659 394 1808 437 eisdem
1837 393 2076 436 Guardiano
2103 396 2142 437 δι
2161 396 2364 441 Fratribus
2389 400 2465 443 itt-³

1442 454 1548 497 dicta
1571 467 1675 494 nova
1690 449 1934 501 lufirmaria,
1950 451 2156 506 postquam
2168 478 2182 500 ι,
2197 463 2243 496 ut
2255 457 2469 512 praemitti-

1442 523 1509 553 tur
1524 536 1538 559 ,
1570 511 1795 552 constructa
1810 508 1936 551 fuerit
1952 539 1968 560 ,
1983 510 2186 553 habitandi
2201 513 2408 558 licentiam
2430 518 2471 557 &

1440 568 1678 612 facultatem
1693 596 1707 618 ,
1724 567 1966 610 auctoritate
1983 568 2110 612 nostra
2129 573 2351 616 concedas.
2370 578 2468 617 Non

1440 627 1690 669 obstantibus
1709 626 1780 681 piae
1796 627 1998 669 memoriae
2014 627 2207 671 Bonifacii
2219 631 2324 685 Papa
2342 631 2468 675 V111.

1440 683 1751 729 Praedecessoris
1778 684 1897 726 nostri
1914 713 1928 735 ‚
1960 701 2037 741 qua
2063 697 2232 728 cavetur
2253 691 2469 744 expresse,

1439 759 1493 788 ne
1522 742 1696 796 cuiusvis
1712 742 1875 786 Ordinis
1893 747 2054 787 Fratres
2069 745 2354 789 Mendicantes
2378 747 2470 790 loca.

1441 803 1493 845 ad
1522 802 1829 846 inhabitandum
1855 803 2046 858 recipere
2059 832 2074 855 ‚
2104 803 2170 846 seu
2199 815 2364 860 recepta
2378 819 2470 847 mu-

1440 873 1531 904 tare
1553 859 1700 915 absque
1720 860 1835 906 Sedis
1853 861 2086 916 Apostolicae
2101 862 2267 905 licentia
2283 864 2463 920 speciali,

1442 920 1495 962 de
1510 919 1787 975 prohibitione
1804 918 2029 974 hujusmodi
2042 919 2269 976 expressam
2295 924 2473 966 mentio-

1442 992 1533 1020 nem
1553 975 1732 1020 faciente
1747 1007 1762 1028 ,
1777 977 1941 1034 aliisque
1955 978 2316 1023 Constitutionibus
2334 983 2375 1023 &
2391 983 2470 1024 Or-

1441 1036 1720 1080 dinationibus
1738 1035 1982 1091 Apostolicis
1997 1065 2011 1088 ‚
2026 1051 2071 1079 ac
2088 1036 2243 1080 Domus
2256 1067 2271 1090 ,
2293 1041 2332 1082 ἃ,
2343 1040 2471 1082 Ordi-

1439 1097 1503 1140 nis
1519 1093 1774 1151 hujusmodi,
1791 1095 1914 1139 etiam
1926 1093 2157 1151 iuramento
2171 1098 2247 1138 διε.
2265 1098 2466 1140 roboratis

1436 1154 1592 1197 statutis
1606 1156 1645 1196 δι
1657 1153 2029 1203 consuetudinibus,
2040 1154 2239 1210 caeterisq3
2251 1157 2466 1199 contrariis

1434 1211 1777 1269 quibuscumque·
1811 1216 1961 1255 Datum
1989 1214 2127 1254 Romae
2153 1214 2261 1267 apud
2289 1217 2330 1257 S.
2353 1218 2468 1258 Mar-

1435 1286 1527 1314 cum
1556 1269 1626 1314 sub
1650 1270 1815 1314 Annulo
1847 1270 2057 1315 Piscatoris
2086 1273 2154 1312 die
2167 1284 2290 1314 xxti.
2307 1274 2462 1330 Aprilis

1437 1344 1580 1373 Mncx.
1600 1329 1865 1375 pontificatus
1882 1330 2017 1373 Nostri
2032 1332 2151 1373 Anno
2167 1331 2309 1388 quinto
2322 1358 2338 1372 .

1498 1451 1557 1490 Ex
1573 1447 1725 1504 Regesto
1741 1447 1907 1491 Archivi
1936 1450 2166 1490 secretaria·
2190 1451 2304 1492 Brev.
2328 1447 2460 1507 Apost-

1537 1557 1540 1559 ,
1557 1507 1673 1564 merqſs
1687 1507 1739 1556 ὠ
1756 1513 1850 1550 anni
1862 1505 2074 1564 prad-fol.
2088 1518 2184 1562 35¹.

1440 1647 1875 1663 ————-—--
1879 1649 2225 1663 ———

1436 1743 1749 1796 Concordiam
1775 1748 1954 1795 Fratres
1974 1746 2091 1794 inter
2107 1771 2140 1782 ·-
2157 1743 2205 1795 ἃ
2224 1743 2460 1794 Gubernat:

1507 1829 1630 1864 tores
1657 1817 1821 1884 Magni
1842 1814 2096 1883 Hospitalis
2126 1817 2312 1865 Pietatis
2339 1811 2464 1864 Mefi-

1434 1947 1438 1950 ὓ
1506 1884 1620 1934 sanae
1650 1883 1741 1935 ἃς.
1779 1886 1837 1939 de
1872 1889 2063 1952 antiquae
2082 1884 2347 1934 Infirmariae
2375 1882 2464 1934 ces:

1504 1953 1627 2004 fione
1645 1953 1692 2005 ἃ
1710 1974 1837 2006 novae
1856 1953 2116 2024 poffeffione
2136 1953 2320 2013 fafiam,
2338 1958 2462 2022 Apo-

1503 2024 1659 2074 stolica
1681 2026 1953 2076 austeritate
1975 2025 2212 2094 approbari
2229 2062 2246 2085 ,
2271 2025 2460 2078 Vicario

1503 2097 1724 2146 Generali
1748 2096 1840 2149 ἃς.
1873 2099 2153 2147 committit.

1432 2227 1811 2281 PAULUS
1877 2226 2456 2280 EPISCOPUS

1690 2349 1843 2388 Servus
1875 2347 2096 2389 servorum
2128 2342 2208 2386 Dei

1430 2451 1588 2498 Ditem
1602 2450 1706 2496 Filio
1724 2455 1875 2496 Vicart‘o
1896 2451 2127 2495 Venerabilis
2139 2449 2301 2494 Fratris
2315 2449 2454 2509 Nostri

1488 2510 1777 2568 Archiepiscopt’
1792 2510 2036 2567 Mtffmcnsts
2059 2514 2100 2550 in
2108 2509 2396 2566 spiritualibus

1556 2571 1759 2624 *Generalt'
1770 2568 1950 2627 stantem
1978 2569 2030 2618 ὠν
2046 2569 2306 2626 Apostolieam

1773 2628 2082 2675 Benediffionem
2095 2656 2108 2669 .

1544 2748 1634 2789 lrca
1652 2743 1920 2800 Regularium
1936 2773 1950 2796 ‚
1975 2746 2016 2789 &
2036 2744 2195 2800 piorum
2211 2746 2454 2788 Locorum-i

1570 2805 1852 2860 quorumlibet
1890 2805 2030 2848 statum
2057 2804 2247 2860 prosperi:
2277 2804 2454 2859 dirigen-

1424 2863 1522 2906 dum
1537 2864 1671 2906 studiis
1688 2863 1946 2918 invigilantes
1971 2863 2127 2906 affiduis
2141 2890 2155 2914 ,
2181 2877 2256 2914 ea,
2279 2877 2364 2918 quae
2376 2875 2452 2918 pro

1425 2923 1589 2966 illorum
1606 2951 1620 2972 ,
1635 2936 1678 2964 ac
1694 2923 1946 2978 personarum
1963 2923 2000 2964 in
2016 2924 2072 2964 eis
2088 2936 2160 2977 pro
2174 2932 2362 2975 tempore
2374 2921 2452 2962 de-

1429 2982 1611 3035 gentium
1638 2994 1738 3035 pace
1755 3009 1769 3032 ,
1803 2981 1968 3036 quiete,
1994 2981 2034 3020 δι
2059 2978 2444 3031 commoditatibus,

1427 3039 1589 3082 semotis
1613 3037 1912 3094 impedimentis
1928 3038 2173 3092 quibuslibet
2200 3036 2373 3092 provide
2388 3035 2450 3080 sa-

1429 3101 1489 3140 &a
1506 3126 1519 3148 ‚
1544 3100 1584 3139 δι
1604 3097 1851 3140 concordata
1875 3095 1987 3139 fuisse
2001 3096 2221 3146 dicuntur,
2245 3106 2288 3136 ut
2305 3095 2418 3138 firma
2432 3124 2448 3149 ,

1428 3155 1635 3199 &illibata
1659 3155 1858 3210 perpetuo
1871 3153 2071 3197 subtiliant
2088 3183 2102 3206 ,
2125 3154 2331 3203 libenter,
2354 3169 2445 3198 cum

1426 3216 1448 3256 ἑ
1467 3214 1596 3257 Nobis
1611 3213 1766 3268 petitur
1779 3242 1795 3263 ,
1819 3213 2055 3269 Apostolico
2072 3214 2250 3268 praefidio
2267 3227 2447 3255 commu-

1427 3273 1536 3323 niti,
1567 3285 1611 3313 ac
1628 3272 1667 3312 in
1687 3274 1747 3314 his
1766 3272 1973 3316 Pastoralis
1999 3272 2131 3315 Officii
2156 3273 2278 3314 noflri
2307 3282 2444 3326 partes

1427 3329 1706 3373 favorabiliter
1727 3331 1930 3386 interponi
1948 3331 2201 3383 mandamuS,
2227 3341 2350 3387 prout
2365 3331 2441 3373 iti-³

1426 3391 1518 3431 Deo
1531 3389 1795 3444 conspicimus
1811 3391 2006 3445 expedire
2019 3419 2032 3431 .

1484 3447 1672 3490 Exhibita
1687 3448 1880 3504 fiquidem
1895 3450 2024 3492 Nobis
2039 3462 2167 3503 nuper
2186 3461 2261 3503 pro
2283 3456 2440 3503 parte,

1424 3506 1678 3548 Dilenorum
1696 3507 1888 3550 Filiorum
1904 3507 2189 3549 modernorum
2203 3506 2438 3556 Guardiani,

1421 3567 1461 3606 δι
1477 3567 1660 3607 Fratrum
1678 3563 1829 3608 Domus
1850 3565 2014 3608 Ordinis
2031 3567 2212 3607 Fratrum
2232 3566 2440 3609 Minorum

1419 3624 1720 3677 Capucinorum
1761 3634 2088 3678 nuncupatorum
2116 3620 2363 3676 Meffanen.‚
2392 3641 2438 3669 gc

1418 3684 1638 3726 Rectorum
1664 3684 1704 3724 δε
1737 3683 2064 3725 Gubernatorum
2107 3682 2244 3736 magni
2291 3685 2439 3740 Hospi-

1420 3740 1540 3789 talis,
1573 3740 1738 3782 Pietatis
1763 3741 2012 3796 nuncupati,
2036 3740 2158 3781 etiam
2177 3739 2397 3785 Meffanen.
2421 3774 2438 3797 ‚

1419 3812 1492 3841 nec
1511 3812 1590 3843 nou
1603 3800 1775 3844 Antonii
1800 3801 2007 3844 Munaxho
2027 3800 2266 3854 Presbyteri
2295 3800 2437 3848 Meffa·

2279 3873 2376 3905 nen·
